=LDR  04047cpcaa22004457i 4500
=001  123954447
=005  20220614164236.0
=008  070503i19932011xx\\\\\\\\\\\\\\\\\\eng\d
=040  \\$aWAU$beng$edacs$cWAU$dWAU$dOCLCF$dOCLCO$dWAU$dOCLCQ$dOCLCA$dWAU$dOCLCO$dOCLCQ$dOCLCO$dWAU
=043  \\$an-us-wa
=049  \\$aWAUW
=245  00$aWTO Seattle Collection,$f1993-2011.
=246  3\$aWorld Trade Organization 1999 Seattle Ministerial Conference Protest collection
=300  \\$a46.85 cubic feet (33 boxes, 27 videocassettes, 1 CD, 6 oversize objects, 3 tubes, 2 packages, 1 vertical file)
=545  0\$aThe World Trade Organization held its third ministerial conference in Seattle starting on November 29, 1999. It was scheduled to run through Dec. 3, 1999, but was met by organized protests, especially from labor and environmental organizations, and adjourned early. The WTO History Project and its associated archives are largely a response to the momentous protests that took place between November 29 and December 3, 1999 in Seattle during the World Trade Organization Ministerial meetings. The project also documents the lengthy mobilization that preceded the Ministerial. The protests were mounted by a wide array of groups and individuals, especially organized labor, environmentalists, and pro-democracy activists concerned that the WTO encouraged trade practices harmful to workers and the environment and operated in a manner which they considered largely undemocratic. The WTO History Project, a partnership at the University of Washington among the Harry Bridges Center for Labor Studies, the Center for Communication and Civic Engagement, and the University Libraries, worked to ensure that future researchers of the WTO protests have documentation on the range of people who turned out, the varieties of strategies and issues they brought to the streets and the meeting rooms, and the coalitions they formed.
=520  2\$aCorrespondence, minutes, audio recordings, videotapes, ephemera, maps, news releases, newsletters, objects, organizational features, photographs, posters, picket signs, other.
=506  \\$aOpen to all users, but access to portions of the papers restricted. Contact repository for details.
=540  \\$aSome restrictions exist on duplication, quotation, or publication. Contact the repository for details.
=500  \\$aProcessing levels vary. Contact the repository for details.
=545  1\$aThe World Trade Organization held its third ministerial conference in Seattle starting on November 29, 1999. It was scheduled to run through Dec. 3, 1999, but was met by organized protests, especially from labor and environmental organizations, and adjourned early.
=610  20$aWorld Trade Organization.$bMinisterial Conference$n(3rd :$d1999 :$cSeattle, Wash.)
=650  \0$aAnti-globalization movement$zWashington (State)$zSeattle.
=650  \0$aProtest movements$zWashington (State)$zSeattle.
=650  \6$aAltermondialisme$0(CaQQLa)201-0358708$zWashington (État)$0(CaQQLa)201-0394837$zSeattle.$0(CaQQLa)201-0394837
=650  \6$aContestation$0(CaQQLa)201-0201503$zWashington (État)$0(CaQQLa)201-0394837$zSeattle.$0(CaQQLa)201-0394837
=610  27$aWorld Trade Organization.$bMinisterial Conference.$2fast$0(OCoLC)fst00733339
=650  \7$aAnti-globalization movement.$2fast$0(OCoLC)fst00810338
=650  \7$aProtest movements.$2fast$0(OCoLC)fst01079826
=651  \7$aWashington (State)$zSeattle.$2fast$0(OCoLC)fst01204940
=700  1\$aGoldman, Patti.
=700  1\$aRabinowitz, Alan.
=700  1\$aSimer, Jeremy O.
=710  2\$aAFL-CIO.$bKing County Labor Council of Washington.
=710  2\$aDirect Action Network.
=710  2\$aEarthjustice Legal Defense Fund.
=710  2\$aInstitute for Agriculture and Trade Policy.
=710  2\$aInternational Forum on Globalization.
=710  2\$aPeople for Fair Trade.
=710  2\$aPublic Citizen's Global Trade Watch.
=856  42$uhttp://archiveswest.orbiscascade.org/ark:/80444/xv08728$zConnect to the online finding aid for this collection

