=LDR  02233ckcaa22004697i 4500
=001  1122934362
=005  20220523193357.0
=008  191014i19601970xxunnn\\\\\\\\\\\\ineng\d
=040  \\$aWAU$beng$erda$edacs$cWAU$dWAU$dOCLCF$dWAU$dOCLCO$dOCLCQ$dOCLCO
=043  \\$an-us-wa
=046  \\$k1960/1970$2edtf
=049  \\$aWAUW
=245  05$a"The Union is Right at Boeing" bumper sticker.
=264  \0$c1960-1970.
=300  \\$a1 bumper sticker
=336  \\$atext$btxt$2rdacontent
=337  \\$aunmediated$bn$2rdamedia
=338  \\$asheet$bnb$2rdacarrier
=541  \\$cDonated by:$aPeter Blecha.
=520  2\$aBumper sticker created by a union for workers employed at Boeing, most likely a local union affiliated with the International Association of Machinists District 751.
=506  \\$aNo restrictions on access.
=500  \\$aForms part of the Labor Archives of Washington.
=540  \\$aCreator's copyrights transferred to the University of Washington Libraries Special Collections.
=610  20$aBoeing Aerospace Company.
=650  \0$aAircraft industry$xEmployees$xLabor unions.
=650  \0$aLabor$zWashington (State)
=650  \0$aLabor unions$zWashington (State)
=650  \0$aLabor movement$zWashington (State)
=650  \6$aIndustrie aéronautique$xPersonnel$xSyndicats.$0(CaQQLa)201-0239837
=650  \6$aTravail$0(CaQQLa)201-0093408$zWashington (État)$0(CaQQLa)201-0395184
=650  \6$aSyndicats$0(CaQQLa)201-0007001$zWashington (État)$0(CaQQLa)201-0395184
=650  \6$aMouvement ouvrier$0(CaQQLa)201-0078721$zWashington (État)$0(CaQQLa)201-0395184
=610  27$aBoeing Aerospace Company.$2fast$0(OCoLC)fst00525010
=650  \7$aAircraft industry$xEmployees$xLabor unions.$2fast$0(OCoLC)fst00802857
=650  \7$aLabor.$2fast$0(OCoLC)fst00989798
=650  \7$aLabor movement.$2fast$0(OCoLC)fst00990079
=650  \7$aLabor unions.$2fast$0(OCoLC)fst00990260
=651  \7$aWashington (State)$2fast$0(OCoLC)fst01204703
=655  \7$aBumper stickers.$2fast$0(OCoLC)fst02007232
=655  \7$aBumper stickers.$2lcgft
=710  2\$aLabor Archives of Washington,$ecurator.
=856  42$uhttp://archiveswest.orbiscascade.org/ark:/80444/xv828276$zConnect to the online finding aid for this collection

