=LDR  03882cpcaa2200493 i 4500
=001  929036991
=005  20230328161322.6
=008  151113i19642014wau\\\\\\\\\\\\\\\\\eng\d
=040  \\$aWAU$beng$edacs$erda$cWAU$dWAU$dOCLCO$dWAU$dOCLCO$dOCLCF$dOCLCO$dWAU
=046  \\$o1986$p2014$2edtf
=049  \\$aWAUW
=110  2\$aA. Philip Randolph Institute.$bSeattle Chapter,$ecreator.
=245  00$aA. Philip Randolph Institute, Seattle Chapter records.
=264  \0$c1964-2014. (bulk 1980-2014)
=300  \\$a2.75$fcubic feet$a(3 boxes)$e1 archived digital website and Facebook page
=336  \\$atext$btxt$2rdacontent
=337  \\$aunmediated$bn$2rdamedia
=338  \\$asheet$bnb$2rdacarrier
=545  1\$aThe national A. Philip Randolph Institute was co-founded in 1965 by A. Philip Randolph and Bayard Rustin, in 1965 to forge an alliance between the civil rights movement and the labor movement. APRI is now an American Federation of Labor-Congress of Industrial Organizations constituency group, representing black trade unionists within the AFL-CIO. APRI-Seattle Chapter is dedicated to developing programs that will "extend democracy to those who have been traditionally disfranchised or discouraged from participating in the political system, strengthening political alliances needed to assure democratic social change and projecting social and economic programs that will improve the lives of all Americans."
=520  2\$aThis collection contains the office files of the Seattle chapter of the A. Philip Randolph Institute. The bulk of the materials are financial records, meeting minutes, and materials related to planning the chapter's annual awards banquet. There is also material related to other events hosted or supported by the Seattle chapter and various voter drive projects. In addition, there is a small collection of news articles and publications related to the local labor movement. This collection would be of particular interest to researchers interested in the general functions of local AFL-CIO constituency organizations and African Americans in the labor movement.
=506  \\$aAccess to portions of the collection is restricted. No user access copy is currently available for floppy discs but users may be able to obtain a reproduction of the media for a fee by contacting Special Collections.
=500  \\$aForms part of the Labor Archives of Washington.
=540  \\$aCreator's copyrights transferred to the University of Washington Libraries Special Collections.
=541  \\$cAcquired from:$aVerlene Jones,$d2015.
=610  20$aA. Philip Randolph Institute.$bSeattle Chapter$vArchives.
=650  \0$aLabor movement$zWashington (State)$zSeattle.
=650  \0$aCivil rights$zWashington (State)$zSeattle.
=650  \0$aSocial change$zWashington (State)$zSeattle.
=650  \6$aMouvement ouvrier$0(CaQQLa)201-0078721$zWashington (État)$0(CaQQLa)201-0394837$zSeattle.$0(CaQQLa)201-0394837
=650  \7$aCivil rights.$2fast$0(OCoLC)fst00862627
=650  \7$aLabor movement.$2fast$0(OCoLC)fst00990079
=650  \7$aSocial change.$2fast$0(OCoLC)fst01122310
=651  \7$aWashington (State)$zSeattle.$2fast$0(OCoLC)fst01204940
=655  \2$aLetter$0(DNLM)D016422
=655  \7$acommercial correspondence.$2aat$0(CStmoGRI)aatgf300026914
=655  \7$aArchives.$2fast$0(OCoLC)fst01423700
=655  \7$aBusiness correspondence.$2fast$0(OCoLC)fst01919897
=655  \7$aPersonal correspondence.$2fast$0(OCoLC)fst01919948
=655  \7$aBusiness correspondence.$2lcgft
=655  \7$aPersonal correspondence.$2lcgft
=655  \7$aCorrespondance commerciale.$2rvmgf$0(CaQQLa)RVMGF-000001162
=655  \7$aCorrespondance privée.$2rvmgf$0(CaQQLa)RVMGF-000001056
=710  2\$aLabor Archives of Washington,$ecurator.
=856  42$uhttp://archiveswest.orbiscascade.org/ark:/80444/xv09692$zConnect to the online finding aid for this collection

