=LDR  01912cpcaa22001933  4500
=001  796946062
=005  20230628132750.7
=008  120627nuuuuuuuuxx\\\\\\\\\\\\\\\\\\eng\d
=040  \\$aWAU$beng$cWAU$dWAU$dOCLCQ$dWAU
=049  \\$aWAUW
=100  1\$aMajor, Adolph,$d1904-1993.
=245  10$aAdolph Major collection,$f1923-1987,$g(bulk 1933-1936).
=300  \\$a0.06 cubic ft. (1 folder)
=520  2\$aCollection of ephemera and publications including a membership book for the International Labor Defense and the Industrial Workers of the World which include IWW stamps and stickers inside; a letter on behalf of the striking lumber workers on behalf of the American Slavic Benevolent Federation of Washington. A labor calendar and an issue of the Voice of Action documenting the lumber strike of 1935 a transfer notice for the International Workers Order, a sticker from the IWW Railroad Workers Industrial Union Local 520, and a flyer for a 1987 Labor Music and Culture festival comprise the rest of the collection.
=545  0\$aAdolph Major was a member of the Industrial Workers of the World and involved in the Slavic community, serving as a member of the executive board of the American Slavic Benevolent Federation of Washington. Joining in 1923, Major was a member of the IWW during the agricultural strikes in Washington in 1933 during his time riding the rails. He was also involved in the lumber strike of 1935. Major eventually became an organizer for the International Brotherhood of Electrical Workers.
=506  \\$aOpen to all users.
=540  \\$aCreator's literary rights transferred to the University of Washington Libraries.
=555  0\$aA finding aid to the papers is available in the Special Collections Division of the University of Washington Libraries and on the World Wide Web.
=856  42$uhttps://archiveswest.orbiscascade.org/ark:80444/xv42977$zConnect to the online finding aid for this collection.

