=LDR  06394cpcaa2201201 i 4500
=001  123954459
=005  20220725024715.5
=008  070503i19492000wau\\\\\\\\\\\\\\\\\eng\d
=040  \\$aWAU$beng$erda$edacs$cWAU$dWAU$dOCLCO$dWAU$dOCLCQ$dWAU$dOCLCA$dOCLCF$dOCLCA$dWAU$dOCLCQ$dOCLCO$dWAU$dOCLCO$dOCL
=043  \\$an-us-ak$an-us-id$an-us-mt$an-us-or$an-us-wa$an-usp--$an-cn-bc
=046  \\$o1949$p2000$2edtf
=049  \\$aWAUW
=110  2\$aAFL-CIO.$bRegion No. 9,$ecreator.
=245  10$aAFL-CIO Region No. 9 records,.
=264  \0$c1949-2000.
=300  \\$a14$fcubic ft.$a(14 boxes)
=336  \\$atext$btxt$2rdacontent
=337  \\$aunmediated$bn$2rdamedia
=338  \\$asheet$bnb$2rdacarrier
=351  \\$aOrganized into 14 series:  Series I: AFL-CIO Alaska Records; Series II: AFL-CIO Idaho Records; Series III: AFL-CIO Montana Records; Series IV: AFL-CIO Oregon Records; Series V: AFL-CIO Washington Records; Series VI: AFL-CIO Arizona Records; Series VII: AFL-CIO California Records; Series VIII: AFL-CIO Colorado Records; Series IX: AFL-CIO Connecticut Records; Series X: AFL-CIO Indiana Records; Series XI: AFL-CIO Missouri Records; Series XII: AFL-CIO Nebraska Records;  Series XIII: AFL-CIO Nevada Records; Series XIV: AFL-CIO Wyoming Records.
=545  1\$aRepresentative of national AFL-CIO in the Pacific Northwest. Office defunct; former jurisdiction encompassed: Alaska, Idaho, Montana, Oregon and Washington; in 1996-1997 these areas were merged within new AFL-CIO regional office structure and placed under Western Region Office, San Francisco, CA.
=520  2\$aMainly records of local or state councils sent as information copies to the regional director. Includes: Constitutions and By-Laws; region director's correspondence, annual financial reports; also materials concerning various legislative issues, organizing collective bargaining, and boycotts.
=506  \\$aNo restrictions on access. Records stored offsite; advanced arrangements are necessary.
=540  \\$aCreator's copyrights transferred to the University of Washington Libraries.
=500  \\$aForms part of the Labor Archives of Washington.
=610  20$aAFL-CIO.$bRegion No. 9$vArchives.
=600  10$aCollins, Edward.
=600  10$aGregory, David.
=610  20$aOregon AFL-CIO.
=610  20$aAFL-CIO.$bCommittee on Political Education.
=610  20$aAFL-CIO Community Service Activities.
=610  20$aOregon State Labor Council.
=610  20$aAFL-CIO.$bWashington State Labor Council.
=610  20$aAlaska State Federation of Labor.
=610  20$aIdaho State Federation of Labor.
=610  20$aMontana State AFL-CIO.
=610  20$aMontana State Federation of Labor.
=650  \0$aLabor$zAlaska.
=650  \0$aLabor$zIdaho.
=650  \0$aLabor unions$zIdaho.
=650  \0$aLabor$zMontana.
=650  \0$aLabor$zOregon.
=650  \0$aLabor unions$zOregon.
=650  \0$aLabor$zWashington (State)
=650  \0$aLabor unions$zWashington (State)
=651  \0$aAlaska.
=651  \0$aIdaho.
=651  \0$aMontana.
=651  \0$aOregon.
=651  \0$aWashington (State)
=651  \0$aNorthwest, Pacific.
=650  \6$aTravail$0(CaQQLa)201-0093408$zAlaska.$0(CaQQLa)201-0460551
=650  \6$aTravail$0(CaQQLa)201-0093408$zIdaho.$0(CaQQLa)201-0460795
=650  \6$aSyndicats$0(CaQQLa)201-0007001$zIdaho.$0(CaQQLa)201-0460795
=650  \6$aTravail$0(CaQQLa)201-0093408$zMontana.$0(CaQQLa)201-0460823
=650  \6$aTravail$0(CaQQLa)201-0093408$zOregon.$0(CaQQLa)201-0460845
=650  \6$aSyndicats$0(CaQQLa)201-0007001$zOregon.$0(CaQQLa)201-0460845
=650  \6$aTravail$0(CaQQLa)201-0093408$zWashington (État)$0(CaQQLa)201-0395184
=650  \6$aSyndicats$0(CaQQLa)201-0007001$zWashington (État)$0(CaQQLa)201-0395184
=651  \6$aAlaska.$0(CaQQLa)201-0100885
=651  \6$aIdaho.$0(CaQQLa)201-0113876
=651  \6$aMontana.$0(CaQQLa)201-0113907
=651  \6$aOregon.$0(CaQQLa)201-0113925
=651  \6$aWashington (État)$0(CaQQLa)201-0113960
=600  17$aCollins, Edward.$2fast$0(OCoLC)fst00134133
=610  27$aAFL-CIO.$bCommittee on Political Education.$2fast$0(OCoLC)fst00576370
=610  27$aAFL-CIO Community Service Activities.$2fast$0(OCoLC)fst01978395
=610  27$aAFL-CIO.$bWashington State Labor Council.$2fast$0(OCoLC)fst00602885
=610  27$aAlaska State Federation of Labor.$2fast$0(OCoLC)fst00724418
=610  27$aIdaho State Federation of Labor.$2fast$0(OCoLC)fst01979649
=610  27$aMontana State AFL-CIO.$2fast$0(OCoLC)fst00758302
=610  27$aMontana State Federation of Labor.$2fast$0(OCoLC)fst00761037
=610  27$aOregon AFL-CIO.$2fast$0(OCoLC)fst01789004
=650  \7$aLabor.$2fast$0(OCoLC)fst00989798
=650  \7$aLabor unions.$2fast$0(OCoLC)fst00990260
=651  \7$aAlaska.$2fast$0(OCoLC)fst01204480
=651  \7$aIdaho.$2fast$0(OCoLC)fst01211709
=651  \7$aMontana.$2fast$0(OCoLC)fst01207555
=651  \7$aOregon.$2fast$0(OCoLC)fst01204579
=651  \7$aPacific Northwest.$2fast$0(OCoLC)fst01242543
=651  \7$aWashington (State)$2fast$0(OCoLC)fst01204703
=655  \7$aAnnual reports.$2fast$0(OCoLC)fst01919893
=655  \2$aLetter$0(DNLM)D016422
=655  \7$aannual reports.$2aat$0(CStmoGRI)aatgf300027292
=655  \7$aconstitutions.$2aat$0(CStmoGRI)aatgf300027437
=655  \7$abylaws (administrative records)$2aat$0(CStmoGRI)aatgf300027433
=655  \7$acommercial correspondence.$2aat$0(CStmoGRI)aatgf300026914
=655  \7$aArchives.$2fast$0(OCoLC)fst01423700
=655  \7$aBusiness correspondence.$2fast$0(OCoLC)fst01919897
=655  \7$aBy-laws.$2fast$0(OCoLC)fst01423762
=655  \7$aConstitutions.$2fast$0(OCoLC)fst01774254
=655  \7$aMinutes (Records)$2fast$0(OCoLC)fst01919940
=655  \7$aConstitutions.$2lcgft
=655  \7$aBy-laws.$2lcgft
=655  \7$aBusiness correspondence.$2lcgft
=655  \7$aMinutes (Records)$2lcgft
=655  \7$aAnnual reports.$2lcgft
=655  \7$aRapports annuels.$2rvmgf$0(CaQQLa)RVMGF-000001055
=655  \7$aConstitutions.$2rvmgf$0(CaQQLa)RVMGF-000001434
=655  \7$aStatuts.$2rvmgf$0(CaQQLa)RVMGF-000001472
=655  \7$aCorrespondance commerciale.$2rvmgf$0(CaQQLa)RVMGF-000001162
=655  \7$aProcès-verbaux.$2rvmgf$0(CaQQLa)RVMGF-000001222
=856  42$uhttp://archiveswest.orbiscascade.org/ark:/80444/xv62756/$zConnect to the online finding aid for this collection.

