=LDR  05934cpcaa22006613i 4500
=001  958997028
=005  20221130111721.6
=008  160923i19392016wau\\\\\\\\\\\\\\\\\eng\d
=040  \\$aWAU$beng$erda$edacs$cWAU$dWAU$dOCLCF$dWAU$dOCLCO$dWAU$dOCLCO$dWAU
=046  \\$k1939$l2016
=049  \\$aWAUW
=100  1\$aAllen, Al$c(Longshoreman),$ecreator.
=245  10$aAl Allen collection on the International Longshore and Warehouse Union.
=264  \0$c1939-2016 (bulk 1970-1979)
=300  \\$a.72$fcubic feet$a(2 boxes) plus 4 videocassettes
=336  \\$atext$btxt$2rdacontent
=337  \\$aunmediated$bn$2rdamedia
=338  \\$asheet$bnb$2rdacarrier
=500  \\$aForms a part of the Labor Archives of Washington.
=545  0\$aAl Allen grew up in San Francisco, California, and entered a career as a longshoreman in International Longshoremen's and Warehousemen's Union, Local 10 (San Francisco). In 1959, Allen came onto the "B List" in San Francisco, working as a winch driver. The ILWU created the new hiring category in San Francisco--"B" men worked irregularly and had the dirtiest jobs, with the promise of promotion to "A" status after a year of work, and were not considered full union members until that time. Later in his career there, Allen moved into crane work. Allen was one of the original people to go to work at SeaLand as a supplement prior to the 1971 Pacific Coast Longshore Strike. During that strike, he served as a picket captain. While at ILWU Local 10, Allen also served on the Promotions Commitee. During this period, Allen worked in various different ports on the Pacific Coast, incluing Los Angeles, Portland, and Tacoma. Later, Allen used the ILWU transfer program to transfer to the growing port of Tacoma, where he became a member of ILWU, Local 23. During his time in Tacoma's Local 23, Allen formed a coalition with other transferred longshoremen from the Portland local (ILWU Local 8), and advocated reforms in the union's handling of the dispatch system and the qualification for the test necessary to become a crane operator--a coveted job. Eventually, these transfers from Portland and San Francisco began to reform Local 23's internal political culture, winning offices as the local's president, vice president, on the Longshore Relations Committee, as walking bosses, as clerks, and as crane operators--all positions of esteem and influence in the local. Allen also became an internal advocate for union militancy and policing of the contract and working conditions; filing and assisting other members in filing grievances. Allen was also involved in a gender discrimination grievance and lawsuit by Linda Nyland against the Local 23 and the Pacific Martime Association (the employers' organization). Allen later retired from ILWU 23 and remains living in Tacoma.
=520  2\$aResearch materials and correspondence collected by Al Allen and created and collected by Allen or Stanley Weir. Correspondence in the collection includes articles on the longshore industry and its workers by Herb Mills as well as correspondence from Mills to Allen. Subject files and reports include information on the impact of techonology on the longshore industry, including containerization and mechanization, and its impact on workers. Other files and reports includes studies on longshore decasualization, the hiring hall, and the mechanization of the Port of Rotterdam by Sidney Roger. Several VHS tapes are included in the collection, including information on the life of Bill Bailey and talks by David Arian and others on longshore issues and history.
=506  \\$aNo restrictions on access.
=540  \\$aCreator's copyrights transferred to the University of Washington Libraries Special Collections.
=541  \\$aAl Allen,$d2016-05-11.
=610  20$aInternational Longshore and Warehouse Union.
=650  \0$aLabor unions$zUnited States.
=650  \0$aLabor$zUnited States.
=650  \0$aLabor movement$zUnited States.
=650  \0$aGeneral strikes$zUnited States.
=650  \0$aHiring halls$zUnited States.
=650  \0$aStevedores$zUnited States.
=650  \0$aClippings (Books, newspapers, etc.)$vSpecimens.
=650  \6$aTravail$0(CaQQLa)201-0093408$zÉtats-Unis.$0(CaQQLa)201-0407727
=650  \6$aMouvement ouvrier$0(CaQQLa)201-0078721$zÉtats-Unis.$0(CaQQLa)201-0407727
=650  \6$aGrèves générales$0(CaQQLa)201-0026886$zÉtats-Unis.$0(CaQQLa)201-0407727
=650  \6$aBureaux d'embauchage syndicaux$0(CaQQLa)201-0122369$zÉtats-Unis.$0(CaQQLa)201-0407727
=650  \6$aDébardeurs$zÉtats-Unis.$0(CaQQLa)201-0353122
=650  \6$aCoupures de presse$0(CaQQLa)201-0003688$vSpécimens.$0(CaQQLa)201-0377059
=610  27$aInternational Longshore and Warehouse Union.$2fast$0(OCoLC)fst00774149
=650  \7$aClippings (Books, newspapers, etc.)$2fast$0(OCoLC)fst00864482
=650  \7$aGeneral strikes.$2fast$0(OCoLC)fst00939832
=650  \7$aHiring halls.$2fast$0(OCoLC)fst00957300
=650  \7$aLabor.$2fast$0(OCoLC)fst00989798
=650  \7$aLabor movement.$2fast$0(OCoLC)fst00990079
=650  \7$aLabor unions.$2fast$0(OCoLC)fst00990260
=650  \7$aStevedores.$2fast$0(OCoLC)fst01133295
=651  \7$aUnited States.$2fast$0(OCoLC)fst01204155
=655  \2$aLetter$0(DNLM)D016422
=655  \7$acommercial correspondence.$2aat$0(CStmoGRI)aatgf300026914
=655  \7$aBusiness correspondence.$2fast$0(OCoLC)fst01919897
=655  \7$aSpecimens.$2fast$0(OCoLC)fst01423861
=655  \7$aVideo recordings.$2fast$0(OCoLC)fst01692913
=655  \7$aBusiness correspondence.$2lcgft
=655  \7$aVideo recordings.$2lcgft
=655  \7$aCorrespondance commerciale.$2rvmgf$0(CaQQLa)RVMGF-000001162
=655  \7$aVidéos.$2rvmgf$0(CaQQLa)RVMGF-000001738
=710  2\$aLabor Archives of Washington,$ehost institution.
=856  42$uhttp://archiveswest.orbiscascade.org/ark:/80444/xv17388$zConnect to the online finding aid for this collection

