=LDR  06023ckcaa2200721Ii 4500
=001  781212330
=008  120321i19412009waunnn\\\\\\\\\\\\kneng\d
=005  20220602215103.9
=040  \\$aWAU$beng$erda$edacs$cWAU$dOCLCO$dOCLCQ$dWAU$dOCLCF$dWAU$dOCLCO
=043  \\$an-us-wa
=046  \\$o1941$p2009$2edtf
=110  2\$aAmalgamated Transit Union.$bLocal 587 (Seattle, Wash.),$ecreator.
=245  10$aAmalgamated Transit Union, Local 587 photograph collection.
=264  \0$c1941-2009.
=300  \\$a4.23$fcubic ft.$a(11 boxes and 4 oversized folders)
=336  \\$astill image$bsti$2rdacontent
=337  \\$aunmediated$bn$2rdamedia
=338  \\$asheet$bnb$2rdacarrier
=504  \\$aIncludes bibliographical references.
=506  \\$aSelected images can be viewed on the Libraries' Digital collections website via finding aid.
=520  2\$aThis collection contains photos and visual materials that chronicle the activities of Local 587 of the Amalgamated Transit Union. The collection provides information about the ATU 587 working conditions and internal culture. Of particular interest are photos from the first series, that date from 1916 to 1971 and are generally of the union's leadership, members, and workplaces. Most of the photographs from 1916 to 1971 were donated by August (Augie) Antonino, a longtime leader in the union and subject of many of the photos. Another highlight are the rolls of film and photo album pages on the ATU 587 No on I-695 campaign and the ATU 587 No on I-745 campaign.
=545  1\$aFounded in 1892, Amalgamated Transit Union, Local 587 is the largest ATU local on the West Coast. The local had 4000 active and 300 retired members in King, Clallam and Jefferson counties as of 2011. The main membership is comprised primarily of transit operators, but the union also includes 800 members working in over 80 craft occupations.   ATU Local 587 represents employees of:  King County Metro King County, Washington First Transit King County, Washington Solid Ground King County, Washington Jefferson Transit Authority Jefferson County, Washington Clallam Transit System Clallam County, Washington   ATU 587 has, as of 2012, about 4,000 active and 300 retired members spread throughout King, Jefferson, and Clallam counties, and is the largest West Coast ATU chapter. Also as of 2012, ATU International was the largest transit workers' union in North America, including over 190,000 members in the US and Canada.   On April 8, 1912, the Amalgamated Association of Street and Electric Railway Employees of America, Local 587 was formed by the Rainier Valley Electric Railway Workers. The name was eventually shortened to the Amalgamated Transit Union.
=506  \\$aOpen to all users.
=540  \\$aCreator's rights transferred to the University of Washington Libraries.
=500  \\$aForms part of the Labor Archives of Washington.
=541  \\$cDonated by:$aPresident/Business Agent Paul J. Bachtel,$dJanuary 6, 2012.
=544  1\$nSeparated materials in the following collection of this repository:$dAmalgamated Transit Union Local 587 Records (Collection No. 5680)
=544  1\$nPhotographs by Ken Slusher transferred to following collection of this repository:$dKen Slusher photograph and videotape collection (Collection No. PH2015-008) in June 2018.
=610  20$aAmalgamated Transit Union.$bDivision No. 587 (Seattle, Wash.)$vArchives.
=610  20$aAmalgamated Transit Union.$bDivision No. 587 (Seattle, Wash.)$vPhotographs.
=610  20$aAmalgamated Transit Union.$bLocal 587 (Seattle, Wash.)$vArchives.
=610  20$aAmalgamated Transit Union.$bLocal 587 (Seattle, Wash.)$vPhotographs.
=650  \0$aLocal transit$xLabor unions$zWashington (State)$vPhotographs.
=650  \0$aLabor$zWashington (State)$vPhotographs.
=650  \0$aLabor unions$zWashington (State)$vPhotographs.
=650  \0$aLabor movement$zWashington (State)$vPhotographs.
=650  \0$aLabor union members$zWashington (State)$vPhotographs.
=650  \6$aTransports publics$0(CaQQLa)201-0017689$xSyndicats$0(CaQQLa)201-0378916$zWashington (État)$0(CaQQLa)201-0395184$vPhotographies.$0(CaQQLa)201-0378097
=650  \6$aTravail$0(CaQQLa)201-0093408$zWashington (État)$0(CaQQLa)201-0395184$vPhotographies.$0(CaQQLa)201-0378097
=650  \6$aSyndicats$0(CaQQLa)201-0007001$zWashington (État)$0(CaQQLa)201-0395184$vPhotographies.$0(CaQQLa)201-0378097
=650  \6$aMouvement ouvrier$0(CaQQLa)201-0078721$zWashington (État)$0(CaQQLa)201-0395184$vPhotographies.$0(CaQQLa)201-0378097
=650  \6$aSyndiqués$0(CaQQLa)201-0268551$zWashington (État)$0(CaQQLa)201-0395184$vPhotographies.$0(CaQQLa)201-0378097
=610  27$aAmalgamated Transit Union.$bDivision No. 587 (Seattle, Wash.)$2fast$0(OCoLC)fst00726996
=610  27$aAmalgamated Transit Union.$bLocal 587 (Seattle, Wash.)$2fast$0(OCoLC)fst00726997
=650  \7$aLabor.$2fast$0(OCoLC)fst00989798
=650  \7$aLabor movement.$2fast$0(OCoLC)fst00990079
=650  \7$aLabor union members.$2fast$0(OCoLC)fst00990256
=650  \7$aLabor unions.$2fast$0(OCoLC)fst00990260
=651  \7$aWashington (State)$2fast$0(OCoLC)fst01204703
=655  \7$aphotographs.$2aat$0(CStmoGRI)aatgf300046300
=655  \7$aprinted ephemera.$2aat$0(CStmoGRI)aatgf300264821
=655  \7$aArchives.$2fast$0(OCoLC)fst01423700
=655  \7$aEphemera.$2fast$0(OCoLC)fst01919921
=655  \7$aPhotographs.$2fast$0(OCoLC)fst01423689
=655  \7$aPhotographs.$2lcgft
=655  \7$aEphemera.$2lcgft
=655  \7$aPhotographies.$2rvmgf$0(CaQQLa)RVMGF-000001676
=655  \7$aDocuments éphémères.$2rvmgf$0(CaQQLa)RVMGF-000001046
=710  2\$aLabor Archives of Washington,$ecurator.
=856  42$uhttp://archiveswest.orbiscascade.org/ark:/80444/xv41949$zConnect to the finding aid for this collection
=856  42$uhttp://archiveswest.orbiscascade.org/ark:/80444/xv29092$zConnect to related finding aid
=856  42$uhttp://archiveswest.orbiscascade.org/ark:/80444/xv17864$zConnect to related finding aid
=049  \\$aWAUW

