=LDR  08095cpcaa2201273Ii 4500
=001  772469795
=008  120111i19412019wau\\\\\\\\\\\\\\\\\eng\d
=006  m\\\\\q\\m\\\\\\\\
=006  g000\\\\\\\\\\\\vl
=005  20230628133319.5
=040  \\$aWAU$beng$erda$edacs$cWAU$dWAU$dOCLCO$dWAU$dOCLCQ$dWAU$dOCLCF$dWAU$dOCLCO$dWAU$dOCLCO$dWAU
=043  \\$an-us-wa
=046  \\$o1941$p2019$2edtf
=110  2\$aAmalgamated Transit Union.$bLocal 587 (Seattle, Wash.),$ecreator.
=245  10$aAmalgamated Transit Union, Local 587 records.
=264  \0$c1941-2019, bulk 1980-2010
=300  \\$a34.51$fcubic feet$a(33 boxes, 1 tube, 2 oversize folders, including videocassettes, CD-ROMs, DVDs, & 3.5 in floppy discs)
=336  \\$atext$btxt$2rdacontent
=336  \\$atwo-dimensional moving image$btdi$2rdacontent
=337  \\$aunmediated$bn$2rdamedia
=337  \\$avideo$bv$2rdamedia
=337  \\$acomputer$bc$2rdamedia
=338  \\$asheet$bnb$2rdacarrier
=338  \\$avideocassette$bvf$2rdacarrier
=338  \\$acomputer disc$bcd$2rdacarrier
=346  \\$aVHS$2rdavf
=347  \\$atext file$2rdaft
=347  \\$aimage file$2rdaft
=351  \\$aOrganized into 5 accessions: Accession No. 5680-001, Amalgamated Transit Union, Local 587 records, 1941-2012. Accession No. 5680-002, Amalgamated Transit Union, Local 587 records, 1999-2012. Accession No. 5680-003, Amalgamated Transit Union, Local 587 records, 1982-2015. Accession No. 5680-004, Amalgamated Transit Union, Local 587 records, 1948-2019, Accession No. 5680-005, Amalgamated Transit Union, Local 587, 1943-2018 (bulk 1970-2002)
=500  \\$aForms a part of the Labor Archives of Washington.
=504  \\$aIncludes bibliographical references.
=520  2\$aATU international union and Local 587 publications, King County-Metro publications, collective bargaining agreements, union election materials, histories, photos, ephemera, memorabilia, patches, pins, route books, agreements, contracts, handbooks, financial records, meeting notes, photographs, membership records, computer records, and posters.
=545  1\$aFounded in 1892, Amalgamated Transit Union, Local 587 is the largest ATU local on the West Coast. The local had 4000 active and 300 retired members in King, Clallam and Jefferson counties as of 2011. The main membership is comprised primarily of transit operators, but the union also includes 800 members working in over 80 craft occupations. ATU Local 587 represents employees of: King County Metro King County, Washington First Transit King County, Washington Solid Ground King County, Washington Jefferson Transit Authority Jefferson County, Washington Clallam Transit System Clallam County, Washington.
=506  \\$aOpen to all users, but access to portions of the collection is restricted. Contact Special Collections for details.
=540  \\$aCreator's literary rights transferred to the University of Washington Libraries.
=500  \\$aProcessing levels vary. Contact the repository for details.
=541  \\$cDonated by:$aPresident/Business Agent Paul J. Bachtel,$dJanuary 6, 2012.
=544  1\$nSeparated materials in the following collection of this repository:$dAmalgamated Transit Union, Local 587 Photograph Collection (Collection No. PH1095)
=610  20$aAmalgamated Transit Union.$bDivision No. 587 (Seattle, Wash.)$vArchives.
=610  20$aAmalgamated Transit Union.$bLocal 587 (Seattle, Wash.)$vArchives.
=650  \0$aLocal transit$xLabor unions$zWashington (State)$xHistory$vArchives.
=650  \0$aLabor$zWashington (State)$xHistory$vArchives.
=650  \0$aLabor unions$zWashington (State)$xHistory$vArchives.
=650  \0$aLabor movement$zWashington (State)$xHistory$vArchives.
=650  \6$aTransports publics$0(CaQQLa)201-0017689$xSyndicats$0(CaQQLa)201-0378916$zWashington (État)$0(CaQQLa)201-0395184$xHistoire$0(CaQQLa)201-0378888$vArchives.$0(CaQQLa)201-0378256
=650  \6$aTravail$0(CaQQLa)201-0093408$zWashington (État)$0(CaQQLa)201-0395184$xHistoire$0(CaQQLa)201-0378888$vArchives.$0(CaQQLa)201-0378256
=650  \6$aSyndicats$0(CaQQLa)201-0007001$zWashington (État)$0(CaQQLa)201-0395184$xHistoire$0(CaQQLa)201-0378888$vArchives.$0(CaQQLa)201-0378256
=650  \6$aMouvement ouvrier$0(CaQQLa)201-0078721$zWashington (État)$0(CaQQLa)201-0395184$xHistoire$0(CaQQLa)201-0378888$vArchives.$0(CaQQLa)201-0378256
=610  27$aAmalgamated Transit Union.$bDivision No. 587 (Seattle, Wash.)$2fast$0(OCoLC)fst00726996
=610  27$aAmalgamated Transit Union.$bLocal 587 (Seattle, Wash.)$2fast$0(OCoLC)fst00726997
=650  \7$aLabor.$2fast$0(OCoLC)fst00989798
=650  \7$aLabor movement.$2fast$0(OCoLC)fst00990079
=650  \7$aLabor unions.$2fast$0(OCoLC)fst00990260
=651  \7$aWashington (State)$2fast$0(OCoLC)fst01204703
=655  \7$anewspaper clippings.$2aat$0(CStmoGRI)aatgf300429554
=655  \7$abylaws (administrative records)$2aat$0(CStmoGRI)aatgf300027433
=655  \7$anewsletters.$2aat$0(CStmoGRI)aatgf300026652
=655  \7$anews bulletins.$2aat$0(CStmoGRI)aatgf300026435
=655  \7$amanuals (instructional materials)$2aat$0(CStmoGRI)aatgf300026395
=655  \7$ahandbooks.$2aat$0(CStmoGRI)aatgf300311807
=655  \7$acollective labor agreements.$2aat$0(CStmoGRI)aatgf300027630
=655  \7$acontracts.$2aat$0(CStmoGRI)aatgf300027649
=655  \7$acommercial correspondence.$2aat$0(CStmoGRI)aatgf300026914
=655  \7$aminute books.$2aat$0(CStmoGRI)aatgf300135375
=655  \7$aminutes (administrative records)$2aat$0(CStmoGRI)aatgf300027440
=655  \7$aannual reports.$2aat$0(CStmoGRI)aatgf300027292
=655  \7$abusiness records.$2aat$0(CStmoGRI)aatgf300141693
=655  \7$arecords (documents)$2aat$0(CStmoGRI)aatgf300026685
=655  \7$aphotographs.$2aat$0(CStmoGRI)aatgf300046300
=655  \7$aprinted ephemera.$2aat$0(CStmoGRI)aatgf300264821
=655  \7$aAnnual reports.$2fast$0(OCoLC)fst01919893
=655  \7$aArchives.$2fast$0(OCoLC)fst01423700
=655  \7$aBusiness correspondence.$2fast$0(OCoLC)fst01919897
=655  \7$aBy-laws.$2fast$0(OCoLC)fst01423762
=655  \7$aCollective labor agreements.$2fast$0(OCoLC)fst01774247
=655  \7$aContracts.$2fast$0(OCoLC)fst01774255
=655  \7$aEphemera.$2fast$0(OCoLC)fst01919921
=655  \7$aHandbooks and manuals.$2fast$0(OCoLC)fst01423877
=655  \7$aHistory.$2fast$0(OCoLC)fst01411628
=655  \7$aMinutes (Records)$2fast$0(OCoLC)fst01919940
=655  \7$aNewsletters.$2fast$0(OCoLC)fst01919943
=655  \7$aPhotographs.$2fast$0(OCoLC)fst01423689
=655  \7$aRecords (Documents)$2fast$0(OCoLC)fst01919961
=655  \7$aBy-laws.$2lcgft
=655  \7$aNewsletters.$2lcgft
=655  \7$aHandbooks and manuals.$2lcgft
=655  \7$aCollective labor agreements.$2lcgft
=655  \7$aContracts.$2lcgft
=655  \7$aBusiness correspondence.$2lcgft
=655  \7$aMinutes (Records)$2lcgft
=655  \7$aAnnual reports.$2lcgft
=655  \7$aRecords (Documents)$2lcgft
=655  \7$aPhotographs.$2lcgft
=655  \7$aEphemera.$2lcgft
=655  \7$aStatuts.$2rvmgf$0(CaQQLa)RVMGF-000001472
=655  \7$aLettres d'informations.$2rvmgf$0(CaQQLa)RVMGF-000001104
=655  \7$aGuides et manuels.$2rvmgf$0(CaQQLa)RVMGF-000001065
=655  \7$aConventions collectives.$2rvmgf$0(CaQQLa)RVMGF-000001475
=655  \7$aContrats.$2rvmgf$0(CaQQLa)RVMGF-000001473
=655  \7$aCorrespondance commerciale.$2rvmgf$0(CaQQLa)RVMGF-000001162
=655  \7$aProcès-verbaux.$2rvmgf$0(CaQQLa)RVMGF-000001222
=655  \7$aRapports annuels.$2rvmgf$0(CaQQLa)RVMGF-000001055
=655  \7$aDocuments administratifs.$2rvmgf$0(CaQQLa)RVMGF-000001054
=655  \7$aPhotographies.$2rvmgf$0(CaQQLa)RVMGF-000001676
=655  \7$aDocuments éphémères.$2rvmgf$0(CaQQLa)RVMGF-000001046
=710  2\$aLabor Archives of Washington,$ecurator.
=856  41$uhttp://archiveswest.orbiscascade.org/ark:/80444/xv29092$zConnect to the finding aid for this collection
=856  42$uhttp://archiveswest.orbiscascade.org/ark:/80444/xv41949$zConnect to related finding aid
=049  \\$aWAUW

