=LDR  04147cpcaa2200733Ii 4500
=001  921857323
=008  150921i19621976xxu\\\\\\\\\\\\\\\\\eng\d
=005  20220325163344.6
=040  \\$aWAU$beng$edacs$erda$cWAU$dOCLCO$dWAU$dOCLCF$dWAU$dOCLCO
=046  \\$o1962$p1976$2edtf
=110  2\$aAmerican Federation of Teachers.$bLocal 1690 (Edmonds, Wash.),$ecreator.
=245  10$aAmerican Federation of Teachers Local 1690 records.
=264  \0$c1962-1976
=336  \\$atext$btxt$2rdacontent
=337  \\$aunmediated$bn$2rdamedia
=338  \\$asheet$bnb$2rdacarrier
=544  1\$nSeparated materials in the following collection of this repository:$dSnohomish Central Labor Council Records (Mss Coll 3531)
=545  1\$aAmerican Federation of Teachers Local 1690, the Edmonds Federation of Teachers, was chartered about 1966. It competed with the NEA-affiliated Edmonds Education Association to represent K-12 teachers in the Edmonds, Washington School District #15. The local was most successful in gaining members from secondary schools. Local 1690 became inactive in 1986.
=520  2\$aOrganizational and affiliation records, meeting minutes, financial records, newsletters and publications, subject files, conferences and convention materials, strikes and negotiations, school district meeting records, ephemera, and membership records.
=500  \\$aForms part of the Labor Archives of Washington.
=506  \\$aOpen to all users.
=540  \\$aCreator's copyrights transferred to the University of Washington Libraries.
=610  20$aAmerican Federation of Teachers.$bLocal 1690 (Edmonds, Wash.)$vArchives.
=650  \0$aTeachers' unions$zWashington (State)$zEdmonds$xHistory$vSources.
=650  \0$aStrikes and lockouts$zWashington (State)$zEdmonds$xHistory$vSources.
=650  \0$aLabor$zWashington (State)$zEdmonds.
=650  \0$aLabor unions$zWashington (State)$zEdmonds.
=650  \0$aLabor movement$zWashington (State)$zEdmonds.
=650  \7$aLabor.$2fast$0(OCoLC)fst00989798
=650  \7$aLabor movement.$2fast$0(OCoLC)fst00990079
=650  \7$aLabor unions.$2fast$0(OCoLC)fst00990260
=650  \7$aStrikes and lockouts.$2fast$0(OCoLC)fst01135030
=650  \7$aTeachers' unions.$2fast$0(OCoLC)fst01144535
=651  \7$aWashington (State)$zEdmonds.$2fast$0(OCoLC)fst01222509
=655  \2$aLetter$0(DNLM)D016422
=655  \2$aEphemera$0(DNLM)D019502
=655  \7$afinancial records.$2aat$0(CStmoGRI)aatgf300027473
=655  \7$aconstitutions.$2aat$0(CStmoGRI)aatgf300027437
=655  \7$acommercial correspondence.$2aat$0(CStmoGRI)aatgf300026914
=655  \7$aprinted ephemera.$2aat$0(CStmoGRI)aatgf300264821
=655  \7$aArchives.$2fast$0(OCoLC)fst01423700
=655  \7$aBumper stickers.$2fast$0(OCoLC)fst02007232
=655  \7$aBusiness correspondence.$2fast$0(OCoLC)fst01919897
=655  \7$aConstitutions.$2fast$0(OCoLC)fst01774254
=655  \7$aEphemera.$2fast$0(OCoLC)fst01919921
=655  \7$aHistory.$2fast$0(OCoLC)fst01411628
=655  \7$aMinutes (Records)$2fast$0(OCoLC)fst01919940
=655  \7$aNewsletters.$2fast$0(OCoLC)fst01919943
=655  \7$aSources.$2fast$0(OCoLC)fst01423900
=655  \7$aConstitutions.$2lcgft
=655  \7$aMinutes (Records)$2lcgft
=655  \7$aBusiness correspondence.$2lcgft
=655  \7$aNewsletters.$2lcgft
=655  \7$aBumper stickers.$2lcgft
=655  \7$aEphemera.$2lcgft
=655  \7$aConstitutions.$2rvmgf$0(CaQQLa)RVMGF-000001434
=655  \7$aProcès-verbaux.$2rvmgf$0(CaQQLa)RVMGF-000001222
=655  \7$aCorrespondance commerciale.$2rvmgf$0(CaQQLa)RVMGF-000001162
=655  \7$aLettres d'informations.$2rvmgf$0(CaQQLa)RVMGF-000001104
=655  \7$aDocuments éphémères.$2rvmgf$0(CaQQLa)RVMGF-000001046
=710  2\$aLabor Archives of Washington,$ecurator.
=856  42$uhttp://archiveswest.orbiscascade.org/ark:/80444/xv22424$zConnect to the online finding aid for this collection
=856  42$uhttp://archiveswest.orbiscascade.org/ark:/80444/xv31359/op=fstyle.aspx?t=k&q=WAUSnohomishCountyCentralLaborCouncil3531.xml$zConnect to finding aid for Snohomish CCounty Central Labor Council records
=049  \\$aWAUW

