=LDR  00936cpcaa22001813  4500
=001  872628540
=008  140314i19421959xx\\\\\\\\\\\\\\\\\\eng\d
=005  20230628133132.5
=040  \\$aWAU$beng$cWAU$dWAU$dOCLCQ$dWAU
=100  1\$aTuohy, Albert,$d1895-1966.
=245  10$aAlbert Tuohy papers,$f1942, 1959.
=300  \\$a1 vertical file
=520  2\$aLetter from Albert Tuohy to Rudy Grady regarding his career as a grain elevator manager. 2 pp, 1959.-US Department of War Personnel Placement Questionnaire, 1942.
=545  0\$aAlbert Tuohy managed the Hanford Street Grain Elevator in Seattle during the 1930s and 1940s and had a close working relationship with many longshore workers.
=506  \\$aOpen to all users.
=540  \\$aCreator's literary rights transferred to the University of Washington Libraries.
=856  42$uhttps://archiveswest.orbiscascade.org/ark:80444/xv81439$zConnect to the online finding aid for this collection
=049  \\$aWAUW

