=LDR  04843cpcaa2200781 i 4500
=001  123953510
=008  070503i19691997wau\\\\\\\\\\\\\\\\\eng\d
=005  20220421060926.6
=040  \\$aWAU$beng$erda$edacs$cWAU$dOCLCO$dOCLCQ$dWAU$dOCLCO$dOCLCF$dOCLCO
=041  0\$heng
=043  \\$an-us-wa
=046  \\$o1969$p1997$2edtf
=110  2\$aAmerican Federation of Teachers.$bLocal 1485 (Yakima, Wash.),$ecreator.
=245  10$aAmerican Federation of Teachers, Local 1485, Yakima Valley College records.
=264  \0$c1969-1997
=300  \\$aapproximately 12 cubic ft$a(2 boxes)
=336  \\$atext$btxt$2rdacontent
=337  \\$aunmediated$bn$2rdamedia
=338  \\$asheet$bnb$2rdacarrier
=351  \\$aOrganized into 2 accessions: Accession No. 4145-001, American Federation of Teachers, Yakima Local 1485 records, circa 1973-1984; Accession No. 4145-002, American Federation of Teachers, Yakima Local 1485 records, 1969-1997.
=545  \\$aThe American Federation of Teachers, an affiliate of the AFL-CIO, was founded in 1916. Local 1485, Yakima Valley College, was formed in 1967. Yakima Valley Junior College was founded in 1928. It became Yakima Valley College in 1962, and the name was changed again in 1977 to Yakima Valley Community College. They went back to Yakima Valley College in 2016.
=520  2\$aCorrespondence, minutes, newsletters, court files, grievances, arbitrations, collective bargaining and proposals.
=506  \\$aAccess may be restricted. Contact Special Collections for details.
=541  \\$cDonated by:$aRoss Rieder,$dSeptember 17, 1991; December 1991.
=541  \\$cDonated by:$aRoger Carlstrom,$dJuly 9, 1999.
=540  \\$aSome restrictions exist on duplication, quotation, or publication. Contact the repository for details.
=500  \\$aProcessing levels vary. Contact the repository for details.
=500  \\$aForms a part of the Labor Archives of Washington.
=610  20$aAmerican Federation of Teachers.$bLocal 1485 (Yakima, Wash.)$vArchives.
=650  \0$aCollege teachers' unions$zWashington (State)$zYakima$vArchives.
=650  \0$aCollege teachers' unions$zWashington (State)$zYakima$xHistory$vSources.
=610  20$aYakima Valley College (1962-1977)$xFaculty$xHistory$vSources.
=610  20$aYakima Valley Community College$xFaculty$xHistory$vSources.
=650  \0$aLabor$zWashington (State)$zYakima$xHistory$vSources.
=650  \0$aLabor unions$zWashington (State)$zYakima$xHistory$vSources.
=650  \0$aLabor movement$zWashington (State)$zYakima$xHistory$vSources.
=650  \6$aTravail$0(CaQQLa)201-0093408$zWashington (État)$0(CaQQLa)201-0394927$zYakima$0(CaQQLa)201-0394927$xHistoire$0(CaQQLa)201-0382350$vSources.$0(CaQQLa)201-0382350
=650  \6$aSyndicats$0(CaQQLa)201-0007001$zWashington (État)$0(CaQQLa)201-0394927$zYakima$0(CaQQLa)201-0394927$xHistoire$0(CaQQLa)201-0382350$vSources.$0(CaQQLa)201-0382350
=650  \6$aMouvement ouvrier$0(CaQQLa)201-0078721$zWashington (État)$0(CaQQLa)201-0394927$zYakima$0(CaQQLa)201-0394927$xHistoire$0(CaQQLa)201-0382350$vSources.$0(CaQQLa)201-0382350
=610  27$aYakima Valley Community College.$2fast$0(OCoLC)fst01918409
=650  \7$aCollege teachers' unions.$2fast$0(OCoLC)fst00868190
=650  \7$aLabor.$2fast$0(OCoLC)fst00989798
=650  \7$aLabor movement.$2fast$0(OCoLC)fst00990079
=650  \7$aLabor unions.$2fast$0(OCoLC)fst00990260
=650  \7$aUniversities and colleges$xFaculty.$2fast$0(OCoLC)fst01161748
=651  \7$aWashington (State)$zYakima.$2fast$0(OCoLC)fst01205471
=655  \2$aLetter$0(DNLM)D016422
=655  \7$alegal documents.$2aat$0(CStmoGRI)aatgf300027590
=655  \7$acommercial correspondence.$2aat$0(CStmoGRI)aatgf300026914
=655  \7$acollective labor agreements.$2aat$0(CStmoGRI)aatgf300027630
=655  \7$aArchives.$2fast$0(OCoLC)fst01423700
=655  \7$aBusiness correspondence.$2fast$0(OCoLC)fst01919897
=655  \7$aCollective labor agreements.$2fast$0(OCoLC)fst01774247
=655  \7$aHistory.$2fast$0(OCoLC)fst01411628
=655  \7$aMinutes (Records)$2fast$0(OCoLC)fst01919940
=655  \7$aNewsletters.$2fast$0(OCoLC)fst01919943
=655  \7$aSources.$2fast$0(OCoLC)fst01423900
=655  \7$aBusiness correspondence.$2lcgft
=655  \7$aMinutes (Records)$2lcgft
=655  \7$aNewsletters.$2lcgft
=655  \7$aCollective labor agreements.$2lcgft
=655  \7$aCorrespondance commerciale.$2rvmgf$0(CaQQLa)RVMGF-000001162
=655  \7$aProcès-verbaux.$2rvmgf$0(CaQQLa)RVMGF-000001222
=655  \7$aLettres d'informations.$2rvmgf$0(CaQQLa)RVMGF-000001104
=655  \7$aConventions collectives.$2rvmgf$0(CaQQLa)RVMGF-000001475
=710  2\$aLabor Archives of Washington,$ecurator.
=856  42$uhttp://archiveswest.orbiscascade.org/ark:/80444/xv32403$zConnect to the finding aid for this collection
=049  \\$aWAUW

