=LDR  03736cpc a22006137i 4500
=001  1028065364
=008  180309i19672014xx\\\\\\\\\\\\\\\\\\eng\d
=005  20220317095221.3
=040  \\$aWAU$beng$edacs$erda$cWAU$dOCLCF$dWAU$dOCLCO$dOCLCQ$dOCLCO
=043  \\$an-us-wa
=046  \\$k1967$l2014$2edtf
=110  2\$aAmerican Federation of Teachers.$bLocal 1789 (Seattle, Wash.),$ecreator.
=245  10$aAmerican Federation of Teachers, Local 1789 records.
=264  \0$capproximately 1967-2014.
=300  \\$a30.56$fcubic feet$a(32 boxes including textual materials, 3.5 in. floppy disks, and CDs)
=336  \\$atext$btxt$2rdacontent
=336  \\$astill image$bsti$2rdacontent
=336  \\$athree-dimensional form$btdf$2rdacontent
=337  \\$aunmediated$bn$2rdamedia
=337  \\$acomputer$bc$2rdamedia
=338  \\$asheet$bnb$2rdacarrier
=338  \\$acomputer disc$bcd$2rdacarrier
=338  \\$aonline resource$bcr$2rdacarrier
=338  \\$aobject$bnr$2rdacarrier
=500  \\$aForms a part of the Labor Archives of Washington.
=545  1\$aSeattle Central Community College Federation of Teachers until circa 2002, and then was renamed the American Federation of Teachers, Local 1789. AFT Local 1789, represents teachers at the three campuses of Seattle's community colleges. Teachers, librarians, and counselors are considered faculty and are also represented by the union. Source: http://aftseattle.wa.aft.org/about-us
=520  2\$aOrganizational records of the American Federation of Teachers, Local 1789, which represents teachers at the three campuses of Seattle's community colleges. Records include paper-based and electronic records, photographs, posters, and plaques. There are also historical files separated by Carol Hamilton for the organization's history. Includes office files of former President Lynne Dodson. The records document the union's formation, operation, contract negotiations and issues tracked by the union as well as strike files.
=506  1\$aNo restrictions on access. Contact repository for access to electronic records.
=540  \\$aCreator's copyrights transferred to the University of Washington Libraries Special Collections.
=541  \\$aAnnette Stofer, Seattle President of the American Federation of Teachers, Local 1789.
=561  \\$aCustodial information (transferred from, etc.)
=610  20$aAmerican Federation of Teachers.$bLocal 1789 (Seattle, Wash.)$vArchives.
=610  20$aSeattle Central Community College.$bFederation of Teachers$vArchives.
=610  20$aSeattle Community College$xEmployees.
=650  \0$aCollege teachers' unions$zWashington (State)$zSeattle.
=650  \0$aLabor$zWashington (State)$zSeattle.
=650  \0$aLabor movement$zWashington (State)$zSeattle.
=610  27$aSeattle Community College.$2fast$0(OCoLC)fst00514972
=650  \7$aCollege teachers' unions.$2fast$0(OCoLC)fst00868190
=650  \7$aEmployees.$2fast$0(OCoLC)fst00909111
=650  \7$aLabor.$2fast$0(OCoLC)fst00989798
=650  \7$aLabor movement.$2fast$0(OCoLC)fst00990079
=651  \7$aWashington (State)$zSeattle.$2fast$0(OCoLC)fst01204940
=655  \7$aArchives.$2fast$0(OCoLC)fst01423700
=655  \7$aEphemera.$2fast$0(OCoLC)fst01919921
=655  \7$aPhotographs.$2fast$0(OCoLC)fst01423689
=655  \7$aRecords (Documents)$2fast$0(OCoLC)fst01919961
=655  \7$aRecords (Documents)$2lcgft
=655  \7$aEphemera.$2lcgft
=655  \7$aPhotographs.$2lcgft
=710  2\$aSeattle Central Community College.$bFederation of Teachers,$ecreator.
=710  2\$aLabor Archives of Washington,$ecurator.
=856  42$uhttp://archiveswest.orbiscascade.org/ark:/80444/xv55346$zConnect to the online finding aid for this collection.
=049  \\$aWAUW

