=LDR  03720cpcaa22006497a 4500
=001  28376210
=008  880714i19511979xx\\\\\\\\\\\\\\\\\\eng\d
=005  20220626145614.4
=010  \\$a   88797397 $bms 87001037 
=040  \\$aWaU$beng$edacs$cDLC$dWAU$dOCLCG$dNUCMC$dWAU$dOCLCO$dOCLCA$dOCLCF$dWAU$dOCL$dWAU$dOCLCO$dWAU$dOCLCO$dOCLCQ$dOCLCO$dOCL$dOCLCO
=043  \\$an-us-wa
=110  2\$aAmerican Federation of Teachers.$bLocal 200 (Seattle, Wash.)
=245  10$aAmerican Federation of Teachers, Local 200 records,$f1927-1982.
=300  \\$aca. 16 ft.
=500  \\$aThe material described in this catalog record is located in the collections of the Labor Archives of Washington, University of Washington Libraries (Seattle).
=545  \\$aLabor organization of teachers in Seattle public schools; local established 1927.
=520  8\$aCorrespondence, minutes, grievance, strike, and subject files, financial records, and ephemera. Correspondents include Forbes Bottomly, J. Bernard Chichester, William E. Morris, and Ross Rieder.
=561  \\$aAcquired 1972-1983.
=544  \\$3Related photographs are in the$aRepository's Special Collections Division.
=555  0\$aFinding aid available in the repository and on the World Wide Web.
=610  20$aAmerican Federation of Teachers.$bLocal 200 (Seattle, Wash.)$vArchives.
=650  \0$aGrievance procedures$zWashington (State)
=650  \0$aStrikes and lockouts$xTeachers$zWashington (State)
=650  \0$aTeachers' unions$zWashington (State)
=600  10$aBottomly, Forbes$vCorrespondence.
=600  10$aChichester, J. Bernard$vCorrespondence.
=600  10$aMorris, William E.$q(William Everett),$d-1973$vCorrespondence.
=600  10$aRieder, Ross K.$vCorrespondence.
=650  \6$aGriefs (Relations industrielles)$0(CaQQLa)201-0019696$zWashington (État)$0(CaQQLa)201-0395184
=650  \6$aGrèves et lock-out$0(CaQQLa)201-0077287$xEnseignants$0(CaQQLa)201-0077287$zWashington (État)$0(CaQQLa)201-0395184
=600  17$aBottomly, Forbes.$2fast$0(OCoLC)fst00208119
=600  17$aChichester, J. Bernard.$2fast$0(OCoLC)fst00208124
=600  17$aMorris, William E.$q(William Everett),$d-1973.$2fast$0(OCoLC)fst01836058
=600  17$aRieder, Ross K.$2fast$0(OCoLC)fst00208122
=650  \7$aGrievance procedures.$2fast$0(OCoLC)fst00947918
=650  \7$aStrikes and lockouts$xTeachers.$2fast$0(OCoLC)fst01135253
=650  \7$aTeachers' unions.$2fast$0(OCoLC)fst01144535
=651  \7$aWashington (State)$2fast$0(OCoLC)fst01204703
=655  \7$aletters (correspondence)$2aat$0(CStmoGRI)aatgf300026879
=655  \7$apersonal correspondence.$2aat$0(CStmoGRI)aatgf300048730
=655  \7$acommercial correspondence.$2aat$0(CStmoGRI)aatgf300026914
=655  \7$abusiness records.$2aat$0(CStmoGRI)aatgf300141693
=655  \7$arecords (documents)$2aat$0(CStmoGRI)aatgf300026685
=655  \7$aRecords (Documents)$2fast$0(OCoLC)fst01919961
=655  \7$aBusiness correspondence.$2fast$0(OCoLC)fst01919897
=655  \7$aArchives.$2fast$0(OCoLC)fst01423700
=655  \7$aPersonal correspondence.$2fast$0(OCoLC)fst01919948
=655  \7$aPersonal correspondence.$2lcgft
=655  \7$aBusiness correspondence.$2lcgft
=655  \7$aRecords (Documents)$2lcgft
=655  \7$aCorrespondance privée.$2rvmgf$0(CaQQLa)RVMGF-000001056
=655  \7$aCorrespondance commerciale.$2rvmgf$0(CaQQLa)RVMGF-000001162
=655  \7$aDocuments administratifs.$2rvmgf$0(CaQQLa)RVMGF-000001054
=710  2\$aLabor Archives of Washington,$ecurator.
=851  \\$aUniversity of Washington Libraries$c(Seattle)
=856  42$uhttp://archiveswest.orbiscascade.org/ark:/80444/xv11962/$zConnect to the online finding aid for this collection.
=049  \\$aWAUW

