=LDR  04768cpcaa2200721 i 4500
=001  798949268
=008  120712i19481978wau\\\\\\\\\\\\\\\\\eng\d
=005  20220322054709.6
=040  \\$aWAU$beng$erda$edacs$cWAU$dOCLCO$dOCLCQ$dWAU$dOCLCO$dOCLCF$dOCLCO
=041  0\$heng
=043  \\$an-us-wa
=046  \\$o1948$p1978$2edtf
=110  2\$aAmerican Federation of Teachers.$bLocal 336 (Bremerton, Wash.),$ecreator.
=245  10$aAmerican Federation of Teachers, Local 336 records
=264  \0$c1948-1978
=300  \\$a0.42 cubic ft.$a(1 box)
=336  \\$atext$btxt$2rdacontent
=336  \\$astill image$bsti$2rdacontent
=337  \\$aunmediated$bn$2rdamedia
=338  \\$asheet$bnb$2rdacarrier
=545  1\$aThe American Federation of Teachers, Local 336 is the oldest teacher's union local in Washington State. The union formed in 1934, in the wake of the National Industrial Recovery Act (NIRA) of 1933. Both NIRA and the National Labor Relations Act of 1935, granted collective bargaining rights for workers in most private sector industries but did not guarantee them for public sector workers. Thus, the members of Local 336 organized before teachers and other public employees were legally protected to bargain collectively. Local 336 was the first teacher's union in the nation to be recognized as the sole collective bargaining agent for all teachers within a school district and to successfully negotiate a binding collective bargaining agreement with the school board. The union was also called the Bremerton Federation of Teachers, Local 336 and was affiliated with the American Federation of Teachers as well as the Washington State Federation of Teachers.
=520  2\$aCorrespondence, newsletters and other publications, photographs and clippings.
=506  \\$aOpen to all users.
=540  \\$aCreator's literary rights transferred to the University of Washington Libraries.
=540  \\$aSome restrictions exist on duplication, quotation, or publication. Contact the repository for details.
=541  \\$cDonated by:$aRoss Reider,$dJune 1, 2012.
=500  \\$aForms a part of the Labor Archives of Washington.
=610  20$aAmerican Federation of Teachers.$bLocal 336 (Bremerton, Wash.)$vArchives.
=650  \0$aTeachers' unions$zWashington (State)$zBremerton$vArchives.
=650  \0$aTeachers' unions$zWashington (State)$zBremerton$xHistory$vSources.
=650  \0$aLabor$zWashington (State)$zBremerton$xHistory$vSources.
=650  \0$aLabor unions$zWashington (State)$zBremerton$xHistory$vSources.
=650  \0$aLabor movement$zWashington (State)$zBremerton$xHistory$vSources.
=650  \6$aTravail$0(CaQQLa)201-0093408$zWashington (État)$0(CaQQLa)201-0398858$zBremerton$0(CaQQLa)201-0398858$xHistoire$0(CaQQLa)201-0382350$vSources.$0(CaQQLa)201-0382350
=650  \6$aSyndicats$0(CaQQLa)201-0007001$zWashington (État)$0(CaQQLa)201-0398858$zBremerton$0(CaQQLa)201-0398858$xHistoire$0(CaQQLa)201-0382350$vSources.$0(CaQQLa)201-0382350
=650  \6$aMouvement ouvrier$0(CaQQLa)201-0078721$zWashington (État)$0(CaQQLa)201-0398858$zBremerton$0(CaQQLa)201-0398858$xHistoire$0(CaQQLa)201-0382350$vSources.$0(CaQQLa)201-0382350
=610  27$aAmerican Federation of Teachers.$bLocal 336 (Bremerton, Wash.)$2fast$0(OCoLC)fst00627503
=650  \7$aLabor.$2fast$0(OCoLC)fst00989798
=650  \7$aLabor movement.$2fast$0(OCoLC)fst00990079
=650  \7$aLabor unions.$2fast$0(OCoLC)fst00990260
=650  \7$aTeachers' unions.$2fast$0(OCoLC)fst01144535
=651  \7$aWashington (State)$zBremerton.$2fast$0(OCoLC)fst01215424
=655  \2$aLetter$0(DNLM)D016422
=655  \2$aPhotograph$0(DNLM)D059036
=655  \7$apublications (documents)$2aat$0(CStmoGRI)aatgf300111999
=655  \7$anewspaper clippings.$2aat$0(CStmoGRI)aatgf300429554
=655  \7$acommercial correspondence.$2aat$0(CStmoGRI)aatgf300026914
=655  \7$aphotographs.$2aat$0(CStmoGRI)aatgf300046300
=655  \7$aArchives.$2fast$0(OCoLC)fst01423700
=655  \7$aBusiness correspondence.$2fast$0(OCoLC)fst01919897
=655  \7$aHistory.$2fast$0(OCoLC)fst01411628
=655  \7$aNewsletters.$2fast$0(OCoLC)fst01919943
=655  \7$aPhotographs.$2fast$0(OCoLC)fst01423689
=655  \7$aSources.$2fast$0(OCoLC)fst01423900
=655  \7$aBusiness correspondence.$2lcgft
=655  \7$aNewsletters.$2lcgft
=655  \7$aPhotographs.$2lcgft
=655  \7$aCorrespondance commerciale.$2rvmgf$0(CaQQLa)RVMGF-000001162
=655  \7$aLettres d'informations.$2rvmgf$0(CaQQLa)RVMGF-000001104
=655  \7$aPhotographies.$2rvmgf$0(CaQQLa)RVMGF-000001676
=710  2\$aLabor Archives of Washington,$ecurator.
=856  42$uhttp://archiveswest.orbiscascade.org/ark:/80444/xv34472$zConnect to the finding aid for this collection.
=049  \\$aWAUW

