=LDR  04775cpcaa2200733 i 4500
=001  123949328
=008  070503i19361949wau\\\\\\\\\\\\\\\\\eng\d
=005  20220522083631.8
=040  \\$aWAU$beng$erda$edacs$cWAU$dWAU$dOCLCO$dOCLCQ$dWAU$dOCLCO$dOCLCF$dOCLCO
=041  0\$heng
=043  \\$an-us-wa
=046  \\$o1936$p1949$2edtf
=110  2\$aAmerican Federation of Teachers.$bLocal 401 (Seattle, Wash.),$ecreator.
=245  10$aAmerican Federation of Teachers, Local 401 records.
=264  \0$c1936-1949
=300  \\$aApproximately 214 items + 1 volume.
=336  \\$atext$btxt$2rdacontent
=337  \\$aunmediated$bn$2rdamedia
=338  \\$avolume$bnc$2rdacarrier
=338  \\$asheet$bnb$2rdacarrier
=545  \\$aThe American Federation of Teachers, an affiliate of the AFL-CIO, was founded in 1916. At the University of Washington, Local 401 was established in May of 1935. Through the years of its existence it had voiced wider political concerns and developed policy platforms on local and global events, and defended academic freedom. Local 401 spoke out in defense of University of Washington instructors and against what they saw as unfair labor practices practiced by campus administration, particularly after various faculty were pulled into the Canwell Committee investigations. On September 20, 1948, Local 401 received news from the national office that it would, "cease to exist as an affiliate of the American Federation of Teachers."
=520  2\$aCorrespondence, minutes, and financial records, 1937-1949; printed memos, bulletins, 1936-1948.
=506  \\$aCreator's literary rights not transferred to the University of Washington Libraries.
=540  \\$aSome restrictions exist on duplication, quotation, or publication. Contact the repository for details.
=541  \\$cDonated by:$aMargaret C. Walters, Secretary of Local 401,$dJune 1, 1966.
=561  \\$a14 items transferred from Special Collections, Div. 15, November 15, 1963.
=500  \\$aProcessing levels vary. Contact the repository for details.
=500  \\$aForms a part of the Labor Archives of Washington.
=610  20$aAmerican Federation of Teachers.$bLocal 401 (Seattle, Wash.)$vArchives.
=650  \0$aCollege teachers' unions$zWashington (State)$zSeattle$vArchives.
=650  \0$aCollege teachers' unions$zWashington (State)$zSeattle$xHistory$vSources.
=610  20$aUniversity of Washington$xFaculty$xHistory$vSources.
=650  \0$aLabor$zWashington (State)$zSeattle$xHistory$vSources.
=650  \0$aLabor unions$zWashington (State)$zSeattle$xHistory$vSources.
=650  \0$aLabor movement$zWashington (State)$zSeattle$xHistory$vSources.
=650  \6$aTravail$0(CaQQLa)201-0093408$zWashington (État)$0(CaQQLa)201-0394837$zSeattle$0(CaQQLa)201-0394837$xHistoire$0(CaQQLa)201-0382350$vSources.$0(CaQQLa)201-0382350
=650  \6$aSyndicats$0(CaQQLa)201-0007001$zWashington (État)$0(CaQQLa)201-0394837$zSeattle$0(CaQQLa)201-0394837$xHistoire$0(CaQQLa)201-0382350$vSources.$0(CaQQLa)201-0382350
=650  \6$aMouvement ouvrier$0(CaQQLa)201-0078721$zWashington (État)$0(CaQQLa)201-0394837$zSeattle$0(CaQQLa)201-0394837$xHistoire$0(CaQQLa)201-0382350$vSources.$0(CaQQLa)201-0382350
=610  27$aAmerican Federation of Teachers.$bLocal 401 (Seattle, Wash.)$2fast$0(OCoLC)fst00643227
=610  27$aUniversity of Washington.$2fast$0(OCoLC)fst00532763
=650  \7$aCollege teachers' unions.$2fast$0(OCoLC)fst00868190
=650  \7$aLabor.$2fast$0(OCoLC)fst00989798
=650  \7$aLabor movement.$2fast$0(OCoLC)fst00990079
=650  \7$aLabor unions.$2fast$0(OCoLC)fst00990260
=650  \7$aUniversities and colleges$xFaculty.$2fast$0(OCoLC)fst01161748
=651  \7$aWashington (State)$zSeattle.$2fast$0(OCoLC)fst01204940
=655  \2$aLetter$0(DNLM)D016422
=655  \7$afinancial records.$2aat$0(CStmoGRI)aatgf300027473
=655  \7$abulletins.$2aat$0(CStmoGRI)aatgf300311679
=655  \7$amemorandums.$2aat$0(CStmoGRI)aatgf300026906
=655  \7$acommercial correspondence.$2aat$0(CStmoGRI)aatgf300026914
=655  \7$aArchives.$2fast$0(OCoLC)fst01423700
=655  \7$aBusiness correspondence.$2fast$0(OCoLC)fst01919897
=655  \7$aHistory.$2fast$0(OCoLC)fst01411628
=655  \7$aMinutes (Records)$2fast$0(OCoLC)fst01919940
=655  \7$aSources.$2fast$0(OCoLC)fst01423900
=655  \7$aBusiness correspondence.$2lcgft
=655  \7$aMinutes (Records)$2lcgft
=655  \7$aCorrespondance commerciale.$2rvmgf$0(CaQQLa)RVMGF-000001162
=655  \7$aProcès-verbaux.$2rvmgf$0(CaQQLa)RVMGF-000001222
=710  2\$aLabor Archives of Washington,$ecurator.
=740  0\$aAcc0616-001.
=856  42$uhttp://archiveswest.orbiscascade.org/ark:/80444/xv26129$zConnect to the finding aid for this collection.
=049  \\$aWAUW

