=LDR  04763cpcaa2200853 i 4500
=001  123953231
=008  070503i19631982wau\\\\\\\\\\\\\\\\\eng\d
=005  20230225230213.7
=040  \\$aWAU$beng$erda$edacs$cWAU$dWAU$dOCLCO$dOCLCQ$dWAU$dOCLCO$dOCLCF$dOCLCO$dOCL
=041  0\$heng
=043  \\$an-us-wa
=046  \\$o1963$p1982$2edtf
=110  2\$aAmerican Federation of Teachers.$bLocal 772 (Everett, Wash.),$ecreator.
=245  10$aAmerican Federation of Teachers, Local 772 records.
=264  \0$c1963-1982
=300  \\$aapproximately 1.21 cubic ft.$a(1 box)
=336  \\$atext$btxt$2rdacontent
=337  \\$aunmediated$bn$2rdamedia
=338  \\$asheet$bnb$2rdacarrier
=545  1\$aLocal 772 was  affiliated with the American Federation of Teachers. It represented kindergarten through 12th grade public school teachers. It was replaced by an NEA local, the Everett Education Association, in approximately 1982.
=520  2\$aCorrespondence, flyers, clippings, minutes, newsletters, surveys, ballots, photographs, constitution.
=506  \\$aAccess may be restricted. Contact Special Collections for details.
=540  \\$aSome restrictions exist on duplication, quotation, or publication. Contact the repository for details
=500  \\$aProcessing levels vary. Contact the repository for details
=541  \\$cDonated by:$aEverett Education Association, December 1, 1986; August 18, 1995.
=500  \\$aForms a part of the Labor Archives of Washington.
=610  20$aAmerican Federation of Teachers.$bLocal 772 (Everett, Wash.)$vArchives.
=650  \0$aTeachers' unions$zWashington (State)$zEverett$vArchives.
=650  \0$aTeachers' unions$zWashington (State)$zEverett$xHistory$vSources.
=650  \0$aLabor$zWashington (State)$zEverett$xHistory$vSources.
=650  \0$aLabor unions$zWashington (State)$zEverett$xHistory$vSources.
=650  \0$aLabor movement$zWashington (State)$zEverett$xHistory$vSources.
=650  \6$aTravail$0(CaQQLa)201-0093408$zWashington (État)$0(CaQQLa)201-0394850$zEverett$0(CaQQLa)201-0394850$xHistoire$0(CaQQLa)201-0382350$vSources.$0(CaQQLa)201-0382350
=650  \6$aSyndicats$0(CaQQLa)201-0007001$zWashington (État)$0(CaQQLa)201-0394850$zEverett$0(CaQQLa)201-0394850$xHistoire$0(CaQQLa)201-0382350$vSources.$0(CaQQLa)201-0382350
=650  \6$aMouvement ouvrier$0(CaQQLa)201-0078721$zWashington (État)$0(CaQQLa)201-0394850$zEverett$0(CaQQLa)201-0394850$xHistoire$0(CaQQLa)201-0382350$vSources.$0(CaQQLa)201-0382350
=650  \7$aLabor.$2fast$0(OCoLC)fst00989798
=650  \7$aLabor movement.$2fast$0(OCoLC)fst00990079
=650  \7$aLabor unions.$2fast$0(OCoLC)fst00990260
=650  \7$aTeachers' unions.$2fast$0(OCoLC)fst01144535
=651  \7$aWashington (State)$zEverett.$2fast$0(OCoLC)fst01213637
=655  \7$aQuestionnaires.$2fast$0(OCoLC)fst02003535
=655  \7$aConstitutions.$2fast$0(OCoLC)fst01774254
=655  \7$aconstitutions.$2aat$0(CStmoGRI)aatgf300027437
=655  \7$anewspaper clippings.$2aat$0(CStmoGRI)aatgf300429554
=655  \7$aquestionnaires.$2aat$0(CStmoGRI)aatgf300027265
=655  \7$aballots.$2aat$0(CStmoGRI)aatgf300027428
=655  \7$acommercial correspondence.$2aat$0(CStmoGRI)aatgf300026914
=655  \7$aminute books.$2aat$0(CStmoGRI)aatgf300135375
=655  \7$aminutes (administrative records)$2aat$0(CStmoGRI)aatgf300027440
=655  \7$anewsletters.$2aat$0(CStmoGRI)aatgf300026652
=655  \7$anews bulletins.$2aat$0(CStmoGRI)aatgf300026435
=655  \7$aphotographs.$2aat$0(CStmoGRI)aatgf300046300
=655  \7$aArchives.$2fast$0(OCoLC)fst01423700
=655  \7$aBusiness correspondence.$2fast$0(OCoLC)fst01919897
=655  \7$aHistory.$2fast$0(OCoLC)fst01411628
=655  \7$aMinutes (Records)$2fast$0(OCoLC)fst01919940
=655  \7$aNewsletters.$2fast$0(OCoLC)fst01919943
=655  \7$aPhotographs.$2fast$0(OCoLC)fst01423689
=655  \7$aSources.$2fast$0(OCoLC)fst01423900
=655  \7$aBusiness correspondence.$2lcgft
=655  \7$aMinutes (Records)$2lcgft
=655  \7$aNewsletters.$2lcgft
=655  \7$aPhotographs.$2lcgft
=655  \7$aConstitutions.$2lcgft
=655  \7$aQuestionnaires.$2lcgft
=655  \7$aConstitutions.$2rvmgf$0(CaQQLa)RVMGF-000001434
=655  \7$aQuestionnaires.$2rvmgf$0(CaQQLa)RVMGF-000001985
=655  \7$aCorrespondance commerciale.$2rvmgf$0(CaQQLa)RVMGF-000001162
=655  \7$aProcès-verbaux.$2rvmgf$0(CaQQLa)RVMGF-000001222
=655  \7$aLettres d'informations.$2rvmgf$0(CaQQLa)RVMGF-000001104
=655  \7$aPhotographies.$2rvmgf$0(CaQQLa)RVMGF-000001676
=710  2\$aLabor Archives of Washington,$ecurator.
=856  42$uhttp://archiveswest.orbiscascade.org/ark:/80444/xv63354/$zConnect to the online finding aid for this collection.
=049  \\$aWAUW

