=LDR  03882cpcaa22004931i 4500
=001  28375868
=008  880712i19512011wau\\\\\\\\\\\\\\\\\eng\d
=005  20230628134928.8
=010  \\$a   88797280 $bms 87001536 
=040  \\$aWaU$edacs$beng$cDLC$dWAU$dOCLCQ$dOCLCG$dNUCMC$dOCLCQ$dWAU$dOCLCF$dOCLCO$dOCL$dWAU$dOCLCO$dOCL$dWAU
=043  \\$an-us-ny
=100  1\$aMink, Art,$ecollector.
=245  10$aArt Mink papers,$f1951-2011.
=300  \\$a0.59 cubic feet (2 boxes)
=520  8\$aTrial transcript, court papers, ephemera, and photos, relating to the Julius and Ethel Rosenberg and Morton Sobell cases, publications and writings by unions and labor activists, drawings of longshore activities, and other ephemera.
=545  0\$aAn activist, labor leader, and former member of the Communist Party USA, Art Mink was radicalized in the late 1930s by the apparent collapse of capitalism and by the Spanish Civil War, and moved with his wife to Seattle in 1942 where he served as a member of the executive board of the Northwest District Young Communist League and as a Party organizer in the Boilermaker's Union before being drafted into the Air Force. He was stationed in the Philippines during World War II as a 1st Sergeant in a military hospital. From 1946-1948 Mink attended law school at the University of Washington and was campus organizer for the Communist Party, and a member of the Bookbinders Union. He moved briefly to Los Angeles to work as an editor in a small publishing firm and to conduct Party work in southern California. Back in the Pacific Northwest, Mink began a new career on the waterfront as a longshoreman and a member of ILWU Local 19. He was active in union politics throughout his career. He worked on the Local 19 Stevedore Safety Committee for 5 years and served multiple terms as chairman of the Labor Relations Committee. In the mid 1950s Mink broke with the Communist Party and helped organize the rival Freedom Socialist Party. In 1971 he was elected Vice President of Local 19. He died in 2011.
=506  \\$aOpen to all users.
=600  10$aRosenberg, Julius,$d1918-1953$xTrials, litigation, etc.
=600  10$aRosenberg, Ethel,$d1915-1953$xTrials, litigation, etc.
=600  10$aSobell, Morton$xTrials, litigation, etc.
=650  \0$aTrials (Espionage)$zNew York (State)$zNew York.
=650  \0$aTrials (Conspiracy)$zNew York (State)$zNew York.
=651  \4$aNew York (N.Y.)$xLegal affairs$xTrials, litigation, etc.
=650  \6$aProcès (Espionnage)$0(CaQQLa)201-0133784$zNew York (État)$0(CaQQLa)201-0468217$zNew York.$0(CaQQLa)201-0468217
=650  \6$aProcès (Complot)$0(CaQQLa)201-0030109$zNew York (État)$0(CaQQLa)201-0468217$zNew York.$0(CaQQLa)201-0468217
=600  17$aRosenberg, Ethel,$d1915-1953.$2fast$0(OCoLC)fst00016547
=600  17$aRosenberg, Julius,$d1918-1953.$2fast$0(OCoLC)fst00016549
=600  17$aSobell, Morton.$2fast$0(OCoLC)fst00005220
=650  \7$aTrials (Conspiracy)$2fast$0(OCoLC)fst01156316
=650  \7$aTrials (Espionage)$2fast$0(OCoLC)fst01156328
=651  \7$aNew York (State)$zNew York.$2fast$0(OCoLC)fst01204333
=655  \7$aPhotographs.$2fast$0(OCoLC)fst01423689
=655  \7$aphotographs.$2aat$0(CStmoGRI)aatgf300046300
=655  \7$aTrial and arbitral proceedings.$2fast$0(OCoLC)fst01774319
=655  \7$aTrials, litigation, etc.$2fast$0(OCoLC)fst01423712
=655  \7$aTranscripts.$2ftamc
=655  \7$aTrial and arbitral proceedings.$2lcgft
=655  \7$aPhotographs.$2lcgft
=655  \7$aComptes rendus de procès et d'arbitrage.$2rvmgf$0(CaQQLa)RVMGF-000001462
=655  \7$aPhotographies.$2rvmgf$0(CaQQLa)RVMGF-000001676
=700  1\$aMink, Kelly,$ecollector.
=851  \\$aUniversity of Washington Libraries$c(Seattle)
=856  42$uhttps://archiveswest.orbiscascade.org/ark:80444/xv35168$zConnect to the online finding aid for this collection
=049  \\$aWAUW

