=LDR  10535cpcaa22014177a 4500
=001  45235019
=008  001026i18851971xx\\\\\\\\\\\\\\\\\\eng\d
=005  20221206122328.4
=007  hd\bf||||b|c|
=010  \\$bms 76000798 
=040  \\$aWAU$beng$edacs$cWAU$dOCLCQ$dWAU$dOCLCQ$dWAU$dOCLCA$dWAU$dOCLCO$dOCLCA$dOCLCQ$dOCLCO$dWAU$dOCLCA$dOCLCF$dOCLCO$dOCLCA$dWAU$dOCL$dOCLCO$dOCLCQ
=043  \\$an-us---$aa-cc---$ae-ur---$an-us-ca$an-usc--$an-us-wa$ae-sp---
=100  1\$aStrong, Anna Louise,$d1885-1970.
=245  10$aAnna Louise Strong papers,$f1885-1971.
=300  \\$aapproximately 24 cubic feet (45 boxes, 2 packages, 2 tubes, 3 vertical files)
=300  \\$a14$fmicrofilm reels.
=351  \\$aArranged in 8 accessions: Accession 1309-001, Anna Louise Strong papers, 1885-1957; Accession 1309-002, Anna Louise Strong microfilm, 1896-1957; Accession 1309-016, Anna Louise Strong letters, 1955, 1960; Accession 1309-017, Anna Louise Strong papers, 1961, undated; Accession 1309-018, Anna Louise Strong papers, 1904-1970; Accession 1309-019, Anna Louise Strong papers, 1968-1969; Accession 1309-020, Anna Louise Strong papers, 1906, 1918; Accession 1444-001, Anna Louise Strong papers, 1907-1971.
=545  0\$aAmerican journalist, author and political activist, Anna Louise Strong (1885-1970), who was based in Seattle during a formative period of her life, later lived for many years in the Soviet Union and China.$bBorn in Nebraska, she was the daughter of Congregationalist minister and pacifist, Sydney Dix Strong. Anna Louise was educated at Oberlin College, Bryn Mawr and the University of Chicago, where she received a Ph. D in 1916. Her father moved to Seattle in 1906, where he lived until his death in 1938. Anna Louise joined him there from 1916 to 1921, which was a time of radicalizing events, including the Everett massacre and trial and the Seattle General Strike. In Seattle, she began her journalism career and wrote for the Seattle Union Record. During this time, she was elected to the Seattle School Board, but subsequently recalled because of association with the Industrial Workers of the World (I.W.W.). In the wake of these events, Strong went elsewhere in search of socialism in practice. Her quest took her first to the Soviet Union, where she was based from 1921 until 1940. Strong also became one of the earliest journalists to cover the Communist revolution in China. She visited China first in 1925 and returned frequently until 1947. Strong's enthusiasm for the Chinese revolution may have led to her arrest, imprisonment and expulsion from the Soviet Union in 1949. After these events, she was cut off from the Soviet Union, shunned by American Communists and denied a passport by the United States government. She settled for a time in California, where she wrote, lectured and invested in real estate. In 1955, she was cleared of the Soviets' charges. When her passport was restored in 1958, she immediately made her way back to China, where she remained until her death in 1970. During the latter part of her life, Strong was honored and revered by the Chinese.
=520  2\$aThe Anna Louise Strong papers contain material relating to Strong's personal life, as well as to her political and professional interests.$bThe collection, which is comprised of several accessions, consists of clippings, correspondence, diaries, notebooks, pamphlets, photographs and scrapbooks. It also includes notebooks on China, the Spanish Civil War, the Soviet Union and labor organizing in the Midwest and California in the late 1930s. Among the many publications are Strong's personal newsletter, Today. Another notable item is a 1955 sound recording taped at Strong's seventieth birthday celebration. Major correspondents include Eleanor Roosevelt, Joel Shubin (Strong's Russian husband), as well as Strong's father, Sydney Dix Strong, and brother, Tracy Strong. Chinese correspondents include, Chiang Kai-shek, Chou En-Lai, Liu Shaoqi and Mao Tse-tung.
=506  \\$aOpen to all users.
=530  \\$aPortions of the collection are available on microfilm for use in repository only.
=540  \\$aCreator's literary rights transferred to the University of Washington Libraries.
=544  1\$nAnna Louise Strong's papers from her last years in China, 1958-1970, including an autobiography, are in the National Library of China in Beijing.
=555  0\$aFinding aid available in the repository and on the World Wide Web.
=600  10$aStrong, Anna Louise,$d1885-1970$vArchives.
=600  10$aChiang, Kai-shek,$d1887-1975$vCorrespondence.
=600  10$aLiu, Shaoqi,$d1898-1969$vCorrespondence.
=600  10$aMao, Zedong,$d1893-1976$vCorrespondence.
=600  10$aRoosevelt, Eleanor,$d1884-1962$vCorrespondence.
=600  10$aShubin, Joel$vCorrespondence.
=600  10$aStrong, Sydney,$d1860-1938$vCorrespondence.
=600  10$aStrong, Tracy,$d1887-1968$vCorrespondence.
=600  10$aZhou, Enlai,$d1898-1976$vCorrespondence.
=610  20$aIndustrial Workers of the World.
=610  20$aSeattle Public Schools.$bBoard of Directors.
=630  00$aSeattle union record.
=630  00$aToday : a personal news-letter.
=650  \0$aWomen journalists$zUnited States$vArchives.
=650  \0$aWomen social reformers$zUnited States$vArchives.
=650  \0$aCommunism$zChina$xHistory.
=650  \0$aCommunism$zRussia$xHistory.
=650  \0$aEverett Massacre, Everett, Wash., 1916.
=650  \0$aGeneral Strike, Seattle, Wash., 1919.
=650  \0$aLabor journalism$zUnited States.
=650  \0$aLabor unions$xOrganizing$zWashington (State)$zSeattle.
=650  \0$aLabor unions$xOrganizing$zMiddle West.
=651  \0$aChina$xHistory$yRepublic, 1912-1949.
=651  \0$aChina$xPolitics and government$y1912-1949.
=651  \0$aSoviet Union$xPolitics and government$y1917-1936.
=651  \0$aSeattle (Wash.)$xPolitics and government.
=651  \0$aSpain$xHistory$yCivil War, 1936-1939.
=650  \6$aFemmes journalistes$0(CaQQLa)201-0286190$zÉtats-Unis$0(CaQQLa)201-0286190$vArchives.$0(CaQQLa)201-0378256
=650  \6$aRéformatrices sociales$0(CaQQLa)201-0262746$zÉtats-Unis$0(CaQQLa)201-0262746$vArchives.$0(CaQQLa)201-0378256
=650  \6$aCommunisme$0(CaQQLa)201-0297267$zChine$0(CaQQLa)201-0297267$xHistoire.$0(CaQQLa)201-0378888
=650  \6$aGrève générale, Seattle, Wash., 1919.$0(CaQQLa)000262737
=650  \6$aPresse ouvrière$0(CaQQLa)201-0028804$zÉtats-Unis.$0(CaQQLa)201-0407727
=650  \6$aSyndicalisation$0(CaQQLa)201-0121736$zWashington (État)$0(CaQQLa)201-0394837$zSeattle.$0(CaQQLa)201-0394837
=650  \6$aSyndicalisation$0(CaQQLa)201-0121736$zMidwest (États-Unis)$0(CaQQLa)201-0407788
=651  \6$aChine$xHistoire$y1912-1949 (République)$0(CaQQLa)201-0062724
=651  \6$aChine$xPolitique et gouvernement$y1912-1949.$0(CaQQLa)201-0073490
=651  \6$aURSS$xPolitique et gouvernement$y1917-1936.$0(CaQQLa)201-0100068
=651  \6$aEspagne$xHistoire$y1936-1939 (Guerre civile)$0(CaQQLa)201-0006420
=600  17$aChiang, Kai-shek,$d1887-1975.$2fast$0(OCoLC)fst00054695
=600  17$aLiu, Shaoqi,$d1898-1969.$2fast$0(OCoLC)fst00061693
=600  17$aMao, Zedong,$d1893-1976.$2fast$0(OCoLC)fst00028307
=600  17$aRoosevelt, Eleanor,$d1884-1962.$2fast$0(OCoLC)fst00047200
=600  17$aStrong, Anna Louise,$d1885-1970.$2fast$0(OCoLC)fst00043874
=600  17$aStrong, Sydney,$d1860-1938.$2fast$0(OCoLC)fst00227633
=600  17$aStrong, Tracy,$d1887-1968.$2fast$0(OCoLC)fst00227632
=600  17$aZhou, Enlai,$d1898-1976.$2fast$0(OCoLC)fst00014402
=610  27$aIndustrial Workers of the World.$2fast$0(OCoLC)fst00545991
=610  27$aSeattle Public Schools.$bBoard of Directors.$2fast$0(OCoLC)fst00629744
=650  \7$aCommunism.$2fast$0(OCoLC)fst00870421
=650  \7$aLabor journalism.$2fast$0(OCoLC)fst00989966
=650  \7$aLabor unions$xOrganizing.$2fast$0(OCoLC)fst00990296
=650  \7$aPolitics and government.$2fast$0(OCoLC)fst01919741
=650  \7$aWomen journalists.$2fast$0(OCoLC)fst01178072
=650  \7$aWomen social reformers.$2fast$0(OCoLC)fst01178540
=651  \7$aChina.$2fast$0(OCoLC)fst01206073
=651  \7$aMiddle West.$2fast$0(OCoLC)fst01240052
=651  \7$aRussia.$2fast$0(OCoLC)fst01207312
=651  \7$aSoviet Union.$2fast$0(OCoLC)fst01210281
=651  \7$aSpain.$2fast$0(OCoLC)fst01204303
=651  \7$aUnited States.$2fast$0(OCoLC)fst01204155
=651  \7$aWashington (State)$zEverett.$2fast$0(OCoLC)fst01213637
=651  \7$aWashington (State)$zSeattle.$2fast$0(OCoLC)fst01204940
=647  \7$aGeneral Strike$c(Seattle, Washington :$d1919)$2fast$0(OCoLC)fst01404259
=647  \7$aSpanish Civil War$c(Spain :$d1936-1939)$2fast$0(OCoLC)fst01352321
=647  \7$aEverett Massacre$c(Everett, Washington :$d1916)$2fast$0(OCoLC)fst01405023
=648  \7$a1912-1949$2fast
=655  \0$aClippings (Books, newspapers, etc.)
=655  \0$aPamphlets.
=655  \7$acorrespondence.$2aat$0(CStmoGRI)aatgf300026877
=655  \7$adiaries.$2aat$0(CStmoGRI)aatgf300027112
=655  \7$anews bulletins.$2aat$0(CStmoGRI)aatgf300026435
=655  \7$anewsletters.$2aat$0(CStmoGRI)aatgf300026652
=655  \7$anotebooks.$2aat$0(CStmoGRI)aatgf300264354
=655  \7$ascrapbooks.$2aat$0(CStmoGRI)aatgf300027341
=655  \7$aphotographs.$2aat$0(CStmoGRI)aatgf300046300
=655  \7$aAlbums (Books)$2fast$0(OCoLC)fst01726784
=655  \7$aArchives.$2fast$0(OCoLC)fst01423700
=655  \7$aDiaries.$2fast$0(OCoLC)fst01423794
=655  \7$aHistory.$2fast$0(OCoLC)fst01411628
=655  \7$aNewsletters.$2fast$0(OCoLC)fst01919943
=655  \7$aNotebooks.$2fast$0(OCoLC)fst01919944
=655  \7$aPamphlets.$2fast$0(OCoLC)fst01423837
=655  \7$aPhotographs.$2fast$0(OCoLC)fst01423689
=655  \7$aPersonal correspondence.$2fast$0(OCoLC)fst01919948
=655  \7$aDiaries.$2lcgft
=655  \7$aNewsletters.$2lcgft
=655  \7$aNotebooks.$2lcgft
=655  \7$aAlbums (Books)$2lcgft
=655  \7$aPhotographs.$2lcgft
=655  \7$aJournaux intimes.$2rvmgf$0(CaQQLa)RVMGF-000001057
=655  \7$aLettres d'informations.$2rvmgf$0(CaQQLa)RVMGF-000001104
=655  \7$aCahiers.$2rvmgf$0(CaQQLa)RVMGF-000001221
=655  \7$aAlbums personnalisés.$2rvmgf$0(CaQQLa)RVMGF-000001033
=655  \7$aPhotographies.$2rvmgf$0(CaQQLa)RVMGF-000001676
=740  0\$aAcc1309-020.
=856  42$uhttp://archiveswest.orbiscascade.org/ark:/80444/xv20539/$zConnect to the online finding aid for this collection.
=049  \\$aWAUW

