=LDR  07433cpcaa2201045 i 4500
=001  1309920638
=008  220408i20022020wau\\\\\\\\\\\\\\\\\eng\d
=005  20230628135114.1
=007  sd\fungnn|m|ed
=007  vd\csaizq
=040  \\$aWAU$beng$erda$edacs$cWAU$dWAU$dOCLCO$dOCLCF$dWAU$dOCL$dWAU
=041  0\$aeng
=043  \\$an-us-wa$an-us---
=046  \\$o2002$p2020$2edtf
=110  2\$aAsian Pacific American Labor Alliance.$bSeattle Chapter,$ecreator.
=245  10$aAsian Pacific Labor Alliance, Seattle Chapter, AFL-CIO records.
=264  \0$c2002-2020.
=300  \\$a2.31 cubic feet (3 boxes plus one oversize folder)
=336  \\$atext$btxt$2rdacontent
=337  \\$aunmediated$bn$2rdamedia
=338  \\$asheet$bnb$2rdacarrier
=338  \\$aobject$bnr$2rdacarrier
=338  \\$aaudio disc$bsd$2rdacarrier
=338  \\$avideodisc$bvd$2rdacarrier
=386  \\$aWashingtonians (Washington State)$2lcdgt
=386  \\$aSeattleites$2lcdgt$1http://www.wikidata.org/entity/Q55779668
=545  1\$a"Founded in 1992, the Asian Pacific American Labor Alliance (APALA), AFL-CIO, is the first and only national organization of Asian American and Pacific Islander (AAPI) workers, primarily union members, and allies advancing worker, immigrant and civil rights. Since its founding, APALA has played an advocacy role around workplace issues of the 660,000 AAPI union members, serving as the bridge between the broader labor movement and the AAPI community. A constituency organization of the the AFL-CIO, APALA has more than 20 chapters and pre-chapters and a national office in Washington, D.C. Among its activities, APALA promotes political education and voter registration programs among AAPIs, and runs trainings to help empower and recruit AAPIs into leadership roles within the labor movement and APA community. APALA seeks to defend and advocate for the civil and human rights of AAPIs, immigrants, and all people of color, and continues to create ties with international labor organizations, especially in the Asia-Pacific Rim"--[Information from APALA Seattle website, 08/18/2021$uhttps://www.apalanet.org/about1.html]
=520  2\$aOrganizational records and ephemera of the American Federation of Labor-Congress of Industrial affiliate organization, the Asian Pacific Labor Alliance, Seattle Chapter. The collection includes materials relating to the founding and operation of APALA Seattle, as well as t-shirts, award plaques, posters, and ephemera. Some national level APALA materials are included, and often list local chapter updates and activity reports, including the Seattle chapter. A major activity of the Seattle chapter is its annual fundraising banquet. The Seattle chapter has origins in the Asian American/Pacific Islander labor activist communities of Seattle that predate the founding of the national APALA in 1992.
=506  \\$aNo restrictions on access.
=500  \\$aForms part of the Labor Archives of Washington.
=540  \\$aCreator's copyrights transferred to the University of Washington Libraries Special Collections.
=541  \\$cDonated by$aTracy Lai, APALA Seattle Chapter president and national APALA Secretary.
=544  1\$nRelated materials in the following collections of this repository:$dRichard Gurtiza collection on Asian Pacific American Labor Alliance, 1987-2001
=546  \\$aCollection materials are in English.
=610  20$aAsian Pacific American Labor Alliance.$bSeattle Chapter$vArchives.
=610  20$aAsian Pacific American Labor Alliance$xHistory$vSources.
=650  \0$aLabor unions$zUnited States$xHistory$vSources.
=650  \0$aLabor movement$zUnited States$xHistory$vSources.
=650  \0$aAsian Americans$xEmployment$xHistory$vSources.
=650  \0$aLabor unions$zWashington (State)$zSeattle$xHistory$vSources.
=650  \0$aLabor movement$zWashington (State)$zSeattle$xHistory$vSources.
=650  \0$aAsian Americans$xEmployment$zWashington (State)$zSeattle$xHistory$vSources.
=650  \6$aMouvement ouvrier$0(CaQQLa)201-0078721$zÉtats-Unis$0(CaQQLa)201-0407727$xHistoire$0(CaQQLa)201-0382350$vSources.$0(CaQQLa)201-0382350
=650  \6$aAméricains d'origine asiatique$0(CaQQLa)201-0131692$xTravail$0(CaQQLa)201-0131692$xHistoire$0(CaQQLa)201-0382350$vSources.$0(CaQQLa)201-0382350
=650  \6$aSyndicats$0(CaQQLa)201-0007001$zWashington (État)$0(CaQQLa)201-0394837$zSeattle$0(CaQQLa)201-0394837$xHistoire$0(CaQQLa)201-0382350$vSources.$0(CaQQLa)201-0382350
=650  \6$aMouvement ouvrier$0(CaQQLa)201-0078721$zWashington (État)$0(CaQQLa)201-0394837$zSeattle$0(CaQQLa)201-0394837$xHistoire$0(CaQQLa)201-0382350$vSources.$0(CaQQLa)201-0382350
=650  \6$aAméricains d'origine asiatique$0(CaQQLa)201-0131692$xTravail$0(CaQQLa)201-0131692$zWashington (État)$0(CaQQLa)201-0394837$zSeattle$0(CaQQLa)201-0394837$xHistoire$0(CaQQLa)201-0382350$vSources.$0(CaQQLa)201-0382350
=610  27$aAsian Pacific American Labor Alliance.$2fast$0(OCoLC)fst00711222
=650  \7$aAsian Americans$xEmployment.$2fast$0(OCoLC)fst00818638
=650  \7$aLabor movement.$2fast$0(OCoLC)fst00990079
=650  \7$aLabor unions.$2fast$0(OCoLC)fst00990260
=651  \7$aUnited States.$2fast$0(OCoLC)fst01204155
=651  \7$aWashington (State)$zSeattle.$2fast$0(OCoLC)fst01204940
=655  \7$aNewsletters.$2fast$0(OCoLC)fst01919943
=655  \2$aEphemera$0(DNLM)D019502
=655  \2$aPoster$0(DNLM)D019519
=655  \7$amembership lists.$2aat$0(CStmoGRI)aatgf300027141
=655  \7$anewsletters.$2aat$0(CStmoGRI)aatgf300026652
=655  \7$aagendas (administrative records)$2aat$0(CStmoGRI)aatgf300027426
=655  \7$aprinted ephemera.$2aat$0(CStmoGRI)aatgf300264821
=655  \7$aposters.$2aat$0(CStmoGRI)aatgf300027221
=655  \7$asound recordings.$2aat$0(CStmoGRI)aatgf300028633
=655  \7$aArchives.$2fast$0(OCoLC)fst01423700
=655  \7$aConference materials.$2fast$0(OCoLC)fst01919904
=655  \7$aEphemera.$2fast$0(OCoLC)fst01919921
=655  \7$aHistory.$2fast$0(OCoLC)fst01411628
=655  \7$aMinutes (Records)$2fast$0(OCoLC)fst01919940
=655  \7$aPosters.$2fast$0(OCoLC)fst01423847
=655  \7$aRecords (Documents)$2fast$0(OCoLC)fst01919961
=655  \7$aSound recordings.$2fast$0(OCoLC)fst01411639
=655  \7$aSources.$2fast$0(OCoLC)fst01423900
=655  \7$aRecords (Documents)$2lcgft
=655  \7$aEphemera.$2lcgft
=655  \7$aConference materials.$2lcgft
=655  \7$aMinutes (Records)$2lcgft
=655  \7$aPosters.$2lcgft
=655  \7$aSound recordings.$2lcgft
=655  \7$aNewsletters.$2lcgft
=655  \7$aDocuments administratifs.$2rvmgf$0(CaQQLa)RVMGF-000001054
=655  \7$aDocuments éphémères.$2rvmgf$0(CaQQLa)RVMGF-000001046
=655  \7$aDocuments de congrès.$2rvmgf$0(CaQQLa)RVMGF-000001050
=655  \7$aProcès-verbaux.$2rvmgf$0(CaQQLa)RVMGF-000001222
=655  \7$aAffiches.$2rvmgf$0(CaQQLa)RVMGF-000001052
=655  \7$aEnregistrements sonores.$2rvmgf$0(CaQQLa)RVMGF-000000201
=655  \7$aRegistres des membres.$2rvmgf$0(CaQQLa)RVMGF-000001718
=655  \7$aLettres d'informations.$2rvmgf$0(CaQQLa)RVMGF-000001104
=710  2\$aLabor Archives of Washington$ccurator.
=856  42$uhttp://archiveswest.orbiscascade.org/ark:/80444/xv323339$zConnect to the finding aid for this collection
=856  42$uhttps://archiveswest.orbiscascade.org/ark:/80444/xv03021$zConnect to related finding aid
=049  \\$aWAUW

