=LDR  05744cpcaa22005177a 4500
=001  28376325
=008  880715i19421972xx\\\\\\\\\\\\\\\\\\eng\d
=005  20221230155336.9
=010  \\$a   88797437 $bms 87001055 
=040  \\$aWaU$beng$eappm$cDLC$dWAU$dOCLCQ$dNUCMC$dWAU$dOCLCO$dOCLCA$dOCLCQ$dOCLCO$dOCLCF$dOCLCQ$dOCLCO$dOCL$dOCLCQ$dWAU
=043  \\$an-usp--$an-us---
=110  2\$aAssociation of Western Pulp and Paper Workers.
=245  00$aAssociation of Western Pulp and Paper Workers records,$f1942-1972.
=300  \\$a14.31 cubic feet (12 boxes)
=500  \\$aThe material described in this catalog record is located in the collections of the University of Washington Libraries (Seattle).
=545  1\$aWest Coast rank-and-file members of the International Brotherhood of     Pulp, Sulphite and Paper Mill Workers (AFL-CIO) became dissatisfied with the     conduct of wage negotiations by international vice-presidents and those of     another international union, the United Papermakers and Paperworkers, with whom     a Uniform Labor Agreement had been negotiated. In addition to this     dissatisfaction, there was also a feeling that the internationals failed to     adequately understand and address local issues. In response they established a     new union, the Association of Western Pulp and Paper Workers, in 1964.     Litigation followed, and the records document this. A NLRB election was     conducted in October 1964, and the Western organization was certified as the     Uniform Labor Agreement bargaining agent. The AWPPW survived an attempt by the     two internationals to regain their dominance in 1967. As many of the mills     pulled out of the Uniform Labor Agreement after this, contracts were     negotiaited at the mill level which allowed for a greater degree of dealing     with local issues on a mill by mill basis.
=520  2\$aRecords of legal disputes surrounding the creation of the Association of Western Pulp and Paper Workers (AWP&PW), and related general union records from the pulp and paper industry. The bulk of the records are from lawsuits brought by the international unions after local unions in the pulp and paper industry formed the new union in 1964. There were two major cases. In Phillips vs. Perrin, before an Oregon Court, the international unions prevailed in reclaiming financial assets from the new union. In International Brotherhood vs. Delaney, before a Washington court, the local union succeeded in keeping its property from being seized by the international union from which it had disaffiliated.  In both cases, the AWP&PW based its case on alleged corruption of the international unions and lack of adequate representation in grievances and bargaining, reasoning that the international unions' rights to locals' assets should be forfeited.  Most of the information in the legal files is contained in a large volume of exhibits, which document internal union affairs and collective bargaining from the 1950s on. The exhibits include correspondence, meeting minutes, testimony of union officers, documentation of previous court cases involving the unions and numerous documents related to union democracy. The exhibit lists in each case file are the best guide to the contents of these. The court records involve pleadings, trial transcripts, and case notes. Partial records of a number of related cases from Washington, Oregon and California also contain testimony of union officers and numerous documents.  General union records include founding documents of the AWP&PW, correspondence, meeting minutes, and convention proceedings. Publications in the records include The Amplifier (1961-1964), a rank-and-file newsletter of the West Coast pulp and paper workers, The Rebel (1970-1972), the newspaper of the AWP&PW, and several works on labor relations in the pulp and paper industry. Collective bargaining records comprise minutes of conferences and contract negotiations of the West Coast pulp and paper industry in the 1950s and 1960s.
=561  \\$aAcquired 1972.
=610  20$aInternational Brotherhood of Pulp, Sulphite, and Paper Mill Workers.
=610  20$aPacific Coast Association of Pulp and Paper Manufacturers.
=610  20$aWeyerhaeuser Company.
=650  \0$aLumber trade$zWest (U.S.)
=650  \0$aLumbering$zWest (U.S.)
=650  \0$aPaper industry$zWest (U.S.)
=650  \0$aLabor unions$zUnited States$xLumbermen.
=650  \0$aLabor unions$zUnited States$xPaper industry workers.
=650  \0$aLabor unions$zUnited States$xWood-pulp industry workers.
=650  \0$aWood-pulp industry$zWest (U.S.)
=610  24$aUnited Papermakers and Paperworkers.$bWestern Organization.
=650  \4$aPaper industry workers$zUnited States.
=650  \4$aWood-pulp industry workers$zUnited States.
=651  \4$aWest (U.S.)$xBusiness, industries, and trades$xPaper.
=651  \4$aWest (U.S.)$xLabor.
=610  27$aInternational Brotherhood of Pulp, Sulphite, and Paper Mill Workers.$2fast$0(OCoLC)fst00583107
=610  27$aPacific Coast Association of Pulp and Paper Manufacturers.$2fast$0(OCoLC)fst00627561
=610  27$aWeyerhaeuser Company.$2fast$0(OCoLC)fst00517371
=650  \7$aLumber trade.$2fast$0(OCoLC)fst01003543
=650  \7$aLumbering.$2fast$0(OCoLC)fst01003596
=650  \7$aPaper industry.$2fast$0(OCoLC)fst01052447
=650  \7$aWood-pulp industry.$2fast$0(OCoLC)fst01179622
=651  \7$aUnited States.$2fast$0(OCoLC)fst01204155
=651  \7$aWest United States.$2fast$0(OCoLC)fst01243255
=655  \7$aBriefs.$2ftamc
=851  \\$aUniversity of Washington Libraries$c(Seattle)
=856  42$uhttps://archiveswest.orbiscascade.org/ark:80444/xv17974$zConnect to the online finding aid for this collection.
=049  \\$aWAUW

