=LDR  04755cpcaa22006851a 4500
=001  28410794
=008  880802i19491979xx\\\\\\\\\\\\\\\\\\eng\d
=005  20230608192507.1
=010  \\$a   88797824 $bms 87001114 
=040  \\$aWaU$edacs$beng$cDLC$dWAU$dOCLCQ$dWAU$dOCLCF$dOCLCA$dWAU$dOCLCO$dWAU
=043  \\$an-us-wa
=100  1\$aBulosan, Aurelio.
=245  10$aAurelio Bulosan papers,$f1949-1979.
=300  \\$a0.21 cubic feet (1 box)
=351  \\$aArranged in 4 accessions: 1. Accession No. 2329-001, Aurelio Bulosan papers, 1949-1974; 2. Accession No. 2329-002, Aurelio Bulosan collected papers by and about Carlos Bulosan, 1953-1956; 3. Accession No. 2329-003, Aurelio Bulosan collected papers by and about Carlos Bulosan, 1952-1961; Accession No 2329-004, Aurelio Bulosan Correspondence, 1979.
=545  0\$aAurelio Bulosan was the elder brother of Carlos Bulosan, a Filipino-American author, poet, and migrant laborer who left the Philippines for Seattle in 1930.
=520  2\$aThe collection contains correspondence and writings of Aurelio Bulosan regarding his brother, Carlos; correspondence, prose, and a play written by Carlos Bulosan; and clippings, memorials, and other materials about Carlos Bulosan.
=506  \\$aThe papers are open to all users.
=540  \\$aThe creator's literary rights have been transferred to the University of Washington Libraries.
=541  \\$aReceived from Aurelio Bulosan in three installments in 1974, 1975, and 1982 and from Mary Hatten in 2011.
=544  \\$nThe Carlos Bulosan papers are also available in Special Collections, University of Washington Libraries, Seattle, Washington.
=555  0\$aA finding aid to the papers is available in the Special Collections division of the University of Washington Libraries and on the World Wide Web.
=524  \\$a[Title of item], [date of item if known], [box/folder number], Aurelio Bulosan Papers, [Accession No.], University of Washington Libraries.
=600  10$aBulosan, Aurelio$vArchives.
=600  10$aBulosan, Carlos.
=650  \0$aFilipino American authors$zWashington (State)$zSeattle$y20th century.
=650  \0$aPoets, American$zWashington (State)$zSeattle$y20th century.
=650  \0$aFilipino Americans$zWashington (State)$zSeattle$vArchives.
=650  \0$aFilipino Americans$zWashington (State)$zSeattle.
=650  \0$aAmerican literature$xFilipino American authors.
=650  \0$aAmerican poetry$xFilipino American authors.
=650  \0$aFilipino American theater.
=650  \0$aDramatists, American$zWashington (State)$zSeattle$y20th century.
=650  \6$aÉcrivains américains d'origine philippine$0(CaQQLa)000259621$zWashington (État)$0(CaQQLa)201-0394837$zSeattle$0(CaQQLa)201-0394837$y20e siècle.$0(CaQQLa)201-0373677
=650  \6$aPoètes américains$0(CaQQLa)201-0152320$zWashington (État)$0(CaQQLa)201-0394837$zSeattle$0(CaQQLa)201-0394837$y20e siècle.$0(CaQQLa)201-0373677
=650  \6$aAméricains d'origine philippine$0(CaQQLa)201-0079090$zWashington (État)$0(CaQQLa)201-0394837$zSeattle$0(CaQQLa)201-0394837$vArchives.$0(CaQQLa)201-0378256
=650  \6$aAméricains d'origine philippine$0(CaQQLa)201-0079090$zWashington (État)$0(CaQQLa)201-0394837$zSeattle.$0(CaQQLa)201-0394837
=650  \6$aLittérature américaine$xAuteurs américains d'origine philippine.$0(CaQQLa)000259620
=650  \6$aDramaturges américains$0(CaQQLa)201-0203449$zWashington (État)$0(CaQQLa)201-0394837$zSeattle$0(CaQQLa)201-0394837$y20e siècle.$0(CaQQLa)201-0373677
=600  17$aBulosan, Aurelio.$2fast$0(OCoLC)fst01480579
=600  17$aBulosan, Carlos.$2fast$0(OCoLC)fst00013838
=650  \7$aAmerican literature$xFilipino American authors.$2fast$0(OCoLC)fst00807161
=650  \7$aAmerican poetry$xFilipino American authors.$2fast$0(OCoLC)fst01765347
=650  \7$aDramatists, American.$2fast$0(OCoLC)fst00897556
=650  \7$aFilipino American authors.$2fast$0(OCoLC)fst00924184
=650  \7$aFilipino American theater.$2fast$0(OCoLC)fst01202115
=650  \7$aFilipino Americans.$2fast$0(OCoLC)fst00924194
=650  \7$aPoets, American.$2fast$0(OCoLC)fst01067794
=651  \7$aWashington (State)$zSeattle.$2fast$0(OCoLC)fst01204940
=648  \7$a1900-1999$2fast
=655  \0$aClippings (Books, newspapers, etc.)
=655  \7$acorrespondence.$2aat$0(CStmoGRI)aatgf300026877
=655  \7$aWritings.$2aat
=655  \7$aPlays.$2aat
=655  \7$areminiscences.$2aat$0(CStmoGRI)aatgf300026479
=655  \7$aArchives.$2fast$0(OCoLC)fst01423700
=700  1\$aBulosan, Carlos.
=710  2\$aLabor Archives of Washington,$ecurator.
=856  42$uhttps://archiveswest.orbiscascade.org/ark:80444/xv48920$zConnect to the online finding aid for these papers
=049  \\$aWAUW

