=LDR  02146cimaa2200421Ii 4500
=001  946090120
=008  160407e20050130wau\\nn\\\\\\\\z\\n\eng\\
=005  20220413095156.7
=040  \\$aWAU$beng$erda$edacs$cWAU$dWAU$dOCLCA$dWAU$dOCLCF$dOCLCA$dWAU$dOCLCO$dWAU$dOCLCO
=100  1\$aClifford, Bill$c(Labor activist),$ecreator.
=245  10$aBill Clifford audiocassettes of Ottilie Markholt's memorial.
=264  \0$cJanuary 30, 2005
=300  \\$a2$faudiocassettes
=336  \\$aspoken word$bspw$2rdacontent
=337  \\$aaudio$bs$2rdamedia
=338  \\$aaudiocassette$bss$2rdacarrier
=386  \\$aMen$2lcdgt
=386  \\$aLabor union members$2lcsh
=545  0\$aBill Clifford is a Seattle area labor unionist and activist. He knew Tacoma historian, labor union member, labor activist, and historian Ottilie Markholt from his adolescence until her death in 2004.
=520  2\$aTwo audiocassette recordings of Ottilie Markholt's memorial service in January of 2005.
=506  \\$aNo restrictions on access.
=540  \\$aCreator's copyrights transferred to the University of Washington Libraries Special Collections.
=500  \\$aForms part of the Labor Archives of Washington.
=541  \\$cDonated by$aBill Clifford$dno date.
=600  10$aClifford, Bill$c(Labor activist)$vArchives.
=600  10$aMarkholt, Ottilie$xDeath and burial.
=650  \0$aLabor union members$zWashington (State)$zSeattle.
=650  \6$aSyndiqués$0(CaQQLa)201-0268551$zWashington (État)$0(CaQQLa)201-0394837$zSeattle.$0(CaQQLa)201-0394837
=650  \7$aLabor union members.$2fast$0(OCoLC)fst00990256
=651  \7$aWashington (State)$zSeattle.$2fast$0(OCoLC)fst01204940
=655  \7$asound recordings.$2aat$0(CStmoGRI)aatgf300028633
=655  \7$aArchives.$2fast$0(OCoLC)fst01423700
=655  \7$aSound recordings.$2fast$0(OCoLC)fst01411639
=655  \7$aSound recordings.$2lcgft
=655  \7$aEnregistrements sonores.$2rvmgf$0(CaQQLa)RVMGF-000000201
=710  2\$aLabor Archives of Washington,$ecurator.
=856  42$uhttp://archiveswest.orbiscascade.org/ark:/80444/xv30169$zConnect to the online finding aid for this collection
=049  \\$aWAUW

