=LDR  06557cpcaa2201021 i 4500
=001  1124679872
=008  191021i19701995wau\\\\\\\\\\\\\\\\\eng\d
=005  20220606012220.0
=040  \\$aWAU$beng$erda$edacs$cWAU$dWAU$dOCLCF$dWAU$dOCLCO
=046  \\$o1970$p1995$2edtf
=100  1\$aSims, Beverly E.,$ecreator.
=245  10$aBeverly Sims papers.
=264  \0$c1970-1995.
=300  \\$a1.52$fcubic feet$a(4 boxes)
=336  \\$atext$btxt$2rdacontent
=337  \\$aunmediated$bn$2rdamedia
=338  \\$asheet$bnb$2rdacarrier
=351  \\$aSeries 1:  Communications, 1974-1982. Series 2:  Subject files, 1965-1995. Series 3:  Case files, 1978-1979. Series 4:  Ephemera and other files, 1965-1985.
=386  \\$aAmericans$aWashingtonians (Washington State)$2lcdgt
=386  \\$aSeattleites.
=386  \\$aWomen$2lcdgt
=386  \\$aAfrican Americans$2lcdgt
=545  0\$aSims was born and raised in Seattle. After attending the University of Washington, she worked for Boeing before becoming a secretary at the Northwest Labor and Employment Law Office (now the Legacy of Equality, Leadership, and Organizing). While at LELO, Sims became involved in Seattle's radical politics through her friendship with, and later marriage to Tyree Scott, the leader of the United Construction Workers Association (UCWA). In 1975, Sims entered the apprenticeship program of the International Brotherhood of Electrical Workers (IBEW) Local 46 -- the same union that Scott belonged to -- through a court-ordered affirmative action plan specifically for black workers. She was the third black woman to ever enter the program, and the first to complete it. She left the trades in the early 1980s following the birth of her son, Seth, and later worked for King County's HIV/AIDS prevention program. Source: http://depts.washington.edu/civilr/sims.htm
=520  2\$aThe personal papers of Beverly Sims consist of subject files, correspondence, writings, notes, and ephemera relating to Sim's own interests and activist projects, including those related to rights of women, third world countries and native peoples. Of particular interest is the subject file on the NGO Forum on Women held Beijing in 1995; Sims was an attendee of this conference.
=506  \\$aNo restrictions on access.
=540  \\$aCreator's copyrights transferred to the University of Washington Libraries Special Collections.
=544  1\$nRelated materials available in the following collection of this repository:$dTyree Scott Papers (Collection no. 5245)
=546  \\$aCollection materials are in English.
=500  \\$aForms part of the Labor Archives of Washington.
=600  10$aSims, Beverly E.$vArchives.
=650  \0$aAfrican American women$zWashington (State)$zSeattle$vArchives.
=650  \0$aLabor union members$zWashington (State)$zSeattle$vArchives.
=611  20$aNGO Forum on Women, Beijing '95$d(1995 :$cHuairou Xian, China)$xHistory$vSources.
=610  20$aVenceremos Brigade$xHistory$vSources.
=650  \0$aLabor$zWashington (State)$zSeattle.
=650  \0$aLabor movement$zWashington (State)$zSeattle.
=650  \0$aWomen's rights.
=650  \0$aHuman rights.
=650  \6$aNoires américaines$0(CaQQLa)201-0077643$zWashington (État)$0(CaQQLa)201-0394837$zSeattle$0(CaQQLa)201-0394837$vArchives.$0(CaQQLa)201-0378256
=650  \6$aSyndiqués$0(CaQQLa)201-0268551$zWashington (État)$0(CaQQLa)201-0394837$zSeattle$0(CaQQLa)201-0394837$vArchives.$0(CaQQLa)201-0378256
=650  \6$aTravail$0(CaQQLa)201-0093408$zWashington (État)$0(CaQQLa)201-0394837$zSeattle.$0(CaQQLa)201-0394837
=650  \6$aMouvement ouvrier$0(CaQQLa)201-0078721$zWashington (État)$0(CaQQLa)201-0394837$zSeattle.$0(CaQQLa)201-0394837
=650  \6$aFemmes$xDroits.$0(CaQQLa)201-0007040
=650  \6$aDroits de l'homme (Droit international)$0(CaQQLa)201-0065399
=610  27$aVenceremos Brigade.$2fast$0(OCoLC)fst01165119
=611  27$aNGO Forum on Women, Beijing '95 ( Huairou Xian, China : 1995)$2fast$0(OCoLC)fst01759211
=650  \7$aAfrican American women.$2fast$0(OCoLC)fst00799438
=650  \7$aHuman rights.$2fast$0(OCoLC)fst00963285
=650  \7$aLabor.$2fast$0(OCoLC)fst00989798
=650  \7$aLabor movement.$2fast$0(OCoLC)fst00990079
=650  \7$aLabor union members.$2fast$0(OCoLC)fst00990256
=650  \7$aWomen's rights.$2fast$0(OCoLC)fst01178818
=651  \7$aWashington (State)$zSeattle.$2fast$0(OCoLC)fst01204940
=655  \7$anewspaper clippings.$2aat$0(CStmoGRI)aatgf300429554
=655  \7$apersonal correspondence.$2aat$0(CStmoGRI)aatgf300048730
=655  \7$aletters (correspondence)$2aat$0(CStmoGRI)aatgf300026879
=655  \7$acommercial correspondence.$2aat$0(CStmoGRI)aatgf300026914
=655  \7$anews bulletins.$2aat$0(CStmoGRI)aatgf300026435
=655  \7$anewsletters.$2aat$0(CStmoGRI)aatgf300026652
=655  \7$aprinted ephemera.$2aat$0(CStmoGRI)aatgf300264821
=655  \7$arecords (documents)$2aat$0(CStmoGRI)aatgf300026685
=655  \7$abusiness records.$2aat$0(CStmoGRI)aatgf300141693
=655  \7$apoetry.$2aat$0(CStmoGRI)aatgf300055931
=655  \7$aArchives.$2fast$0(OCoLC)fst01423700
=655  \7$aBusiness correspondence.$2fast$0(OCoLC)fst01919897
=655  \7$aEphemera.$2fast$0(OCoLC)fst01919921
=655  \7$aHistory.$2fast$0(OCoLC)fst01411628
=655  \7$aNewsletters.$2fast$0(OCoLC)fst01919943
=655  \7$aPersonal correspondence.$2fast$0(OCoLC)fst01919948
=655  \7$aPoetry.$2fast$0(OCoLC)fst01423828
=655  \7$aRecords (Documents)$2fast$0(OCoLC)fst01919961
=655  \7$aSources.$2fast$0(OCoLC)fst01423900
=655  \7$aPersonal correspondence.$2lcgft
=655  \7$aBusiness correspondence.$2lcgft
=655  \7$aNewsletters.$2lcgft
=655  \7$aEphemera.$2lcgft
=655  \7$aRecords (Documents)$2lcgft
=655  \7$aPoetry.$2lcgft
=655  \7$aCorrespondance privée.$2rvmgf$0(CaQQLa)RVMGF-000001056
=655  \7$aCorrespondance commerciale.$2rvmgf$0(CaQQLa)RVMGF-000001162
=655  \7$aLettres d'informations.$2rvmgf$0(CaQQLa)RVMGF-000001104
=655  \7$aDocuments éphémères.$2rvmgf$0(CaQQLa)RVMGF-000001046
=655  \7$aDocuments administratifs.$2rvmgf$0(CaQQLa)RVMGF-000001054
=655  \7$aPoésie.$2rvmgf$0(CaQQLa)RVMGF-000000476
=710  2\$aLabor Archives of Washington,$ecurator.
=856  42$uhttp://archiveswest.orbiscascade.org/ark:/80444/xv107757$zConnect to the finding aid for this collection
=856  42$uhttp://archiveswest.orbiscascade.org/ark:/80444/xv00358$zConnect to related finding aid
=049  \\$aWAUW

