=LDR  01767cpcaa22001933  4500
=001  793314336
=008  120508i19902005xx\\\\\\\\\\\\\\\\\\eng\d
=005  20230628135842.3
=040  \\$aWAU$beng$cWAU$dWAU$dOCLCQ$dWAU
=100  1\$aWiley, Barbara$q(Barbara Beth),$d1967-
=245  10$aBarb Wiley Seattle Worthy Wage Campaign papers$f1990-2005.
=300  \\$a2 cubic ft. (2 boxes)
=520  2\$aGrant files; reports and publications regarding childcare; program files regarding workships and activities; historical information regarding the Seattle Worthy Wage Task Force.
=545  0\$aBarb Wiley is a childcare worker and an organizer in the Seattle Worthy Wage campaign. She served on the Seattle Worthy Wages Task Force steering committee from the time of its start (1990). The Worthy Wage Task Force was coordinated by the National Center for the Early Childhood Work Force. until 1999. The national campaign, originally intended to last five years, was initiated to draw attention to the importance of child care work and the urgent need to improve compensation and training for child care workers. The campaign was highly successful in creating a network of individuals, advocates, parents. The locally-based campaigns such as the Seattle Worthy Wages Task Force provided resources and technical support, offered leadership training opportunities, and organized an annual retreat. Funding was obtained primarily through grants. Barb Wiley served as principal contact for many of these grants.
=506  \\$aOpen to all users.
=540  \\$aCreator's literary rights transferred to the University of Washington Libraries.
=500  \\$aProcessing levels vary. Contact the repository for details.
=856  42$zConnect to the online finding aid for this collection
=049  \\$aWAUW

