=LDR  05441cpcaa2200721 i 4500
=001  793773911
=008  120516i20042012wau\\\\\\\\\\\\\\\\\eng\d
=005  20220622230047.0
=040  \\$aWAU$beng$edacs$erda$cWAU$dWAU$dOCLCQ$dWAU$dOCLCO$dOCLCF$dOCLCO
=041  0\$aeng$aspa
=046  \\$o2004$p2012$2edtf
=110  2\$aBrand Responsiblity Project,$ecreator
=245  10$aBrand Responsibility Project records.
=264  \0$c2004-2012.
=300  \\$a0.84 cubic ft. (2 boxes)
=336  \\$atext$btxt$2rdacontent
=337  \\$aunmediated$bn$2rdamedia
=338  \\$asheet$bnb$2rdacarrier
=546  \\$aIn English and Spanish.
=520  2\$aMaterial consists of public documents, media reports, private correspondence and internal memos and interviews.The interviews on this project document key negotiations. Other material relates to what caused Russell Athletic Brand (2007) to significantly change its labor practices in Central America. Material in the archival collection contains collected publications of significance to the Brand Responsibility Project.
=545  1\$aThe Brand Responsibilty Project was a research project by UW Political Science professor Margaret Levi to document the campaign and dispute settlement between Nike Inc. and the Central General de Trabajadores of Honduras (CGT). Following the bankruptcy and closure in January 2009 of two Honduran factories (Hugger and VisionTex) that were part of Nike's supply chain, the CGT of Honduras claimed that Nike bore some of the responsibility for providing terminal compensation, benefits and priority rehiring for 1800 factory employees. The plight of the Honduran factory workers came to the attention of various fair labor associations and university licensing advisory committees, including The University of Washington's Advisory Committee on Trademarks and Licensing (ACTL) has commenced an oral and digital history project on the recent and historic ACTL. In keeping with its mission, ACTL proceeded to evaluate whether or not Nike had violated the university's code of conduct (that Nike is contractually obligated to uphold) as the basis for its advice whether to renew or terminate the University of Washington's existing contract with Nike to supply university apparel. ACTL was part of a campaign to pressure Nike to ensure the workers received what was owed them under Honduran law. The dispute was resolved successfully when Nike announced on July 29th, 2010, that it had set aside {dollar}1.5 million as part of a compensation package for the terminated Hugger and VisionTex employees.
=541  \\$cDonated by:$aMilli Lake, Anne Greenleaf,$dDecember 6, 2011.
=506  \\$aAccess to portions of the collection is restricted. Contact the Special Collections division of the University of Washington Libraries for details. restricted: For terms of access contact Special Collections.
=500  \\$aForms part of the Labor Archives of Washington.
=540  \\$aCreator's literary rights transferred to the University of Washington Libraries.
=544  0\$aDigital materials, including oral history audio recordings of project participants have been transferred to UW Digital Collections.
=610  20$aBrand Responsiblity Project$vArchives.
=610  20$aRussell Athletic Brand$xHistory$vSources.
=610  20$aNike (Firm)$xHistory$vSources.
=650  \0$aSocial responsibility of business.
=650  \0$aLabor$zHonduras$xHistory$vSources.
=650  \0$aNegotiation.
=650  \6$aEntreprises$xResponsabilité sociale.$0(CaQQLa)201-0217018
=650  \6$aTravail$0(CaQQLa)201-0093408$zHonduras$0(CaQQLa)201-0482501$xHistoire$0(CaQQLa)201-0382350$vSources.$0(CaQQLa)201-0382350
=650  \6$aNégociations.$0(CaQQLa)201-0020123
=650  \7$anegotiation.$2aat$0(CStmoGRI)aat300137556
=650  \7$anegotiating.$2aat$0(CStmoGRI)aat300438558
=610  27$aNike (Firm)$2fast$0(OCoLC)fst00668131
=650  \7$aLabor.$2fast$0(OCoLC)fst00989798
=650  \7$aNegotiation.$2fast$0(OCoLC)fst01035551
=650  \7$aSocial responsibility of business.$2fast$0(OCoLC)fst01122851
=651  \7$aHonduras.$2fast$0(OCoLC)fst01206188
=655  \7$amemorandums.$2aat$0(CStmoGRI)aatgf300026906
=655  \7$arecords (documents)$2aat$0(CStmoGRI)aatgf300026685
=655  \7$abusiness records.$2aat$0(CStmoGRI)aatgf300141693
=655  \7$aletters (correspondence)$2aat$0(CStmoGRI)aatgf300026879
=655  \7$apersonal correspondence.$2aat$0(CStmoGRI)aatgf300048730
=655  \7$ainterviews.$2aat$0(CStmoGRI)aatgf300026392
=655  \7$aArchives.$2fast$0(OCoLC)fst01423700
=655  \7$aHistory.$2fast$0(OCoLC)fst01411628
=655  \7$aInterviews.$2fast$0(OCoLC)fst01423832
=655  \7$aPersonal correspondence.$2fast$0(OCoLC)fst01919948
=655  \7$aRecords (Documents)$2fast$0(OCoLC)fst01919961
=655  \7$aSources.$2fast$0(OCoLC)fst01423900
=655  \7$aRecords (Documents)$2lcgft
=655  \7$aPersonal correspondence.$2lcgft
=655  \7$aInterviews.$2lcgft
=655  \7$aDocuments administratifs.$2rvmgf$0(CaQQLa)RVMGF-000001054
=655  \7$aCorrespondance privée.$2rvmgf$0(CaQQLa)RVMGF-000001056
=655  \7$aInterviews.$2rvmgf$0(CaQQLa)RVMGF-000000446
=710  2\$aLabor Archives of Washington,$ecurator.
=856  42$uhttp://archiveswest.orbiscascade.org/ark:/80444/xv62799/op=fstyle.aspx?t=k&q=WAUBrandResponsiblityProject5683.xml$zConnect to the online finding aid for this collection
=049  \\$aWAUW

