=LDR  05372cpcaa2200769 i 4500
=001  123950023
=008  070503i19401970wau\\\\\\\\\\\\\\\\\eng\d
=005  20220725024228.4
=040  \\$aWAU$beng$erda$edacs$cWAU$dWAU$dOCLCO$dOCLCQ$dWAU$dOCLCO$dOCLCF$dOCLCO$dOCL
=041  0\$heng
=043  \\$an-us-wa
=046  \\$o1940$p1970$2edtf
=110  2\$aBrotherhood of Railway and Steamship Clerks, Freight Handlers, Express, and Station Employes.$bNorthern Pacific System Board of Adjustment.$bTacoma Division,$ecreator.
=245  10$aBrotherhood of Railway and Steamship Clerks, Freight Handlers, Express, and Station Employees, Northern Pacific System Board of Adjustment Tacoma Division records.
=264  \0$c1940-1970
=300  \\$aapproximately 9 cubic ft.
=336  \\$atext$btxt$2rdacontent
=337  \\$aunmediated$bn$2rdamedia
=338  \\$asheet$bnb$2rdacarrier
=386  \\$aWashingtonians (Washington State)$2lcdgt
=545  \\$aThe original union was founded in 1899 by railroad clerks meeting in Sedalia, Missouri, who formed an organization named the "Order of Railroad Clerks of America". The organization renamed itself the "Brotherhood of Railway Clerks", in line with other railway "brotherhoods" of the time. In 1919, it renamed itself the "Brotherhood of Railway and Steamship Clerks, Freight Handlers, Express and Station Employes" to reflect its broadened jurisdiction. In 1967, it changed names again to the "Brotherhood of Railway, Airline, Steamship Clerks, Freight Handlers, Express and Station Employes", commonly known as BRAC. Finally, in 1987, after absorbing members from a half dozen other unions that merged with BRAC, the organization adopted its current name,  Transportation Communications Union (TCU).
=520  8\$aCorrespondence, minutes, claims, and other records of the organization; primarily the files of F.H. Amo, division chairman.
=506  \\$aAccess may be restricted. Contact Special Collections for details.
=506  \\$aCreator's literary rights not transferred to the University of Washington Libraries.
=540  \\$aSome restrictions exist on duplication, quotation, or publication. Contact the repository for details.
=541  \\$cDonated by:$aFt. Steilacoom Community College,$dJune 21, 1974.
=500  \\$aForms a part of the Labor Archives of Washington.
=610  20$aBrotherhood of Railway and Steamship Clerks, Freight Handlers, Express, and Station Employes.$bNorthern Pacific System Board of Adjustment.$bTacoma Division,$eArchives.
=610  20$aBrotherhood of Railway, Airline, and Steamship Clerks, Freight Handlers, Express, and Station Employes.$bNorthern Pacific System Board of Adjustment.$bTacoma Division,$eArchives.
=650  \0$aRailroads$xLabor unions$zWashington (State)$xHistory$vSources.
=650  \0$aTransportation$zWashington (State)$xHistory$vSources.
=610  20$aNorthern Pacific Railway Company$xHistory$vSources.
=650  \0$aLabor$zWashington (State)$xHistory$vSources.
=650  \0$aLabor unions$zWashington (State)$xHistory$vSources.
=650  \0$aLabor movement$zWashington (State)$xHistory$vSources.
=650  \6$aTravail$0(CaQQLa)201-0093408$zWashington (État)$0(CaQQLa)201-0395184$xHistoire$0(CaQQLa)201-0382350$vSources.$0(CaQQLa)201-0382350
=650  \6$aSyndicats$0(CaQQLa)201-0007001$zWashington (État)$0(CaQQLa)201-0395184$xHistoire$0(CaQQLa)201-0382350$vSources.$0(CaQQLa)201-0382350
=650  \6$aMouvement ouvrier$0(CaQQLa)201-0078721$zWashington (État)$0(CaQQLa)201-0395184$xHistoire$0(CaQQLa)201-0382350$vSources.$0(CaQQLa)201-0382350
=610  27$aNorthern Pacific Railway Company.$2fast$0(OCoLC)fst00546218
=650  \7$aLabor.$2fast$0(OCoLC)fst00989798
=650  \7$aLabor movement.$2fast$0(OCoLC)fst00990079
=650  \7$aLabor unions.$2fast$0(OCoLC)fst00990260
=650  \7$aTransportation.$2fast$0(OCoLC)fst01155007
=651  \7$aWashington (State)$2fast$0(OCoLC)fst01204703
=655  \7$aClaims.$2fast$0(OCoLC)fst01774244
=655  \2$aLetter$0(DNLM)D016422
=655  \7$afiles (document groupings)$2aat$0(CStmoGRI)aatgf300026942
=655  \7$aclaims.$2aat$0(CStmoGRI)aatgf300027622
=655  \7$acommercial correspondence.$2aat$0(CStmoGRI)aatgf300026914
=655  \7$aBusiness correspondence.$2fast$0(OCoLC)fst01919897
=655  \7$aHistory.$2fast$0(OCoLC)fst01411628
=655  \7$aMinutes (Records)$2fast$0(OCoLC)fst01919940
=655  \7$aRecords (Documents)$2fast$0(OCoLC)fst01919961
=655  \7$aSources.$2fast$0(OCoLC)fst01423900
=655  \7$aBusiness correspondence.$2lcgft
=655  \7$aMinutes (Records)$2lcgft
=655  \7$aRecords (Documents)$2lcgft
=655  \7$aClaims.$2lcgft
=655  \7$aCréances.$2rvmgf$0(CaQQLa)RVMGF-000001422
=655  \7$aCorrespondance commerciale.$2rvmgf$0(CaQQLa)RVMGF-000001162
=655  \7$aProcès-verbaux.$2rvmgf$0(CaQQLa)RVMGF-000001222
=655  \7$aDocuments administratifs.$2rvmgf$0(CaQQLa)RVMGF-000001054
=700  1\$aAmo, F. H.,$ecollector.
=710  2\$aBrotherhood of Railway, Airline, and Steamship Clerks, Freight Handlers, Express, and Station Employes.$bNorthern Pacific System Board of Adjustment.$bTacoma Division,$ecreator.
=710  2\$aLabor Archives of Washington,$ecurator.
=856  42$uhttp://archiveswest.orbiscascade.org/ark:/80444/xv35519$zConnect to the finding aid for this collection.
=049  \\$aWAUW

