=LDR  05151cpcaa22007097i 4500
=001  1130060639
=008  191209i19481961wau\\\\\\\\\\\\\\\\\eng\d
=005  20220619194014.9
=040  \\$aWAU$beng$erda$edacs$cWAU$dWAU$dOCLCF$dWAU$dOCL$dOCLCO$dWAU$dOCLCO$dOCLCQ$dOCLCO
=041  0\$heng
=043  \\$an-us-wa
=046  \\$o1948$p1961$2edtf
=110  2\$aBuilding and Construction Trades Council of Bremerton and Vicinity,$ecreator.
=245  10$aBuilding and Construction Trades Council of Bremerton and Vicinity records.
=264  \0$capproximately 1948-1961.
=300  \\$a0.42$fcubic feet$a(1 box)
=336  \\$atext$btxt$2rdacontent
=337  \\$aunmediated$bn$2rdamedia
=338  \\$asheet$bnb$2rdacarrier
=545  1\$aRecords of a council composed of building trades unions working in and near Bremerton, Washington. Local building and construction councils coordinate the efforts of local unions that represent workers in the building and construction trades; lobby for policy impacting workers before the executive and legislative branches of state government; and deal with contractors, employer associations, project owners, and public bodies. The Executive Board sometimes acts on behalf of affiliate labor organizations in the legislative, regulatory, and judicial spheres in matters relating to wages, hours, working conditions, health and safety, regulation of work, and employment benefits.
=520  2\$aMeeting minutes, research files, correspondence, lawsuit and arbitration, financial records and other business records of the labor council for building trades unions in Bremerton, Washington and the surrounding area. The collection includes mailings and correspondence of the Washington State Building Trades Council, of which the Bremerton Council was an affiliate. Some materials include correspondence with legislators on building trades and labor-related issues and legislation that impacted the member unions of the council.
=506  \\$aNo restrictions on access.
=540  \\$aCreator's copyrights transferred to the University of Washington Libraries Special Collections.
=541  \\$cDonated by$aBob Gorman via International Brotherhood of Electrical Workers, Local 46.
=610  20$aBuilding and Construction Trades Council of Bremerton and Vicinity$vArchives.
=610  20$aWashington State Building Trades Council$xHistory$vSources.
=650  \0$aCentral labor councils$zWashington (State)$zBremerton$xHistory$vSources.
=650  \0$aLabor$zWashington (State)$zBremerton$xHistory$vSources.
=650  \0$aLabor unions$zWashington (State)$zBremerton$xHistory$vSources.
=650  \0$aLabor movement$zWashington (State)$zBremerton$xHistory$vSources.
=650  \6$aConfédérations (Syndicats)$0(CaQQLa)201-0184396$zWashington (État)$0(CaQQLa)201-0398858$zBremerton$0(CaQQLa)201-0398858$xHistoire$0(CaQQLa)201-0382350$vSources.$0(CaQQLa)201-0382350
=650  \6$aTravail$0(CaQQLa)201-0093408$zWashington (État)$0(CaQQLa)201-0398858$zBremerton$0(CaQQLa)201-0398858$xHistoire$0(CaQQLa)201-0382350$vSources.$0(CaQQLa)201-0382350
=650  \6$aSyndicats$0(CaQQLa)201-0007001$zWashington (État)$0(CaQQLa)201-0398858$zBremerton$0(CaQQLa)201-0398858$xHistoire$0(CaQQLa)201-0382350$vSources.$0(CaQQLa)201-0382350
=650  \6$aMouvement ouvrier$0(CaQQLa)201-0078721$zWashington (État)$0(CaQQLa)201-0398858$zBremerton$0(CaQQLa)201-0398858$xHistoire$0(CaQQLa)201-0382350$vSources.$0(CaQQLa)201-0382350
=650  \7$aCentral labor councils.$2fast$0(OCoLC)fst00850720
=650  \7$aLabor.$2fast$0(OCoLC)fst00989798
=650  \7$aLabor movement.$2fast$0(OCoLC)fst00990079
=650  \7$aLabor unions.$2fast$0(OCoLC)fst00990260
=651  \7$aWashington (State)$zBremerton.$2fast$0(OCoLC)fst01215424
=655  \7$abusiness records.$2aat$0(CStmoGRI)aatgf300141693
=655  \7$arecords (documents)$2aat$0(CStmoGRI)aatgf300026685
=655  \7$acommercial correspondence.$2aat$0(CStmoGRI)aatgf300026914
=655  \7$aminutes (administrative records)$2aat$0(CStmoGRI)aatgf300027440
=655  \7$aminute books.$2aat$0(CStmoGRI)aatgf300135375
=655  \7$aSources.$2fast$0(OCoLC)fst01423900
=655  \7$aHistory.$2fast$0(OCoLC)fst01411628
=655  \7$aArchives.$2fast$0(OCoLC)fst01423700
=655  \7$aBusiness correspondence.$2fast$0(OCoLC)fst01919897
=655  \7$aLaw materials.$2fast$0(OCoLC)fst01774276
=655  \7$aMinutes (Records)$2fast$0(OCoLC)fst01919940
=655  \7$aRecords (Documents)$2fast$0(OCoLC)fst01919961
=655  \7$aRecords (Documents)$2lcgft
=655  \7$aBusiness correspondence.$2lcgft
=655  \7$aMinutes (Records)$2lcgft
=655  \7$aLaw materials.$2lcgft
=655  \7$aDocuments administratifs.$2rvmgf$0(CaQQLa)RVMGF-000001054
=655  \7$aCorrespondance commerciale.$2rvmgf$0(CaQQLa)RVMGF-000001162
=655  \7$aProcès-verbaux.$2rvmgf$0(CaQQLa)RVMGF-000001222
=655  \7$aMatériel juridique.$2rvmgf$0(CaQQLa)RVMGF-000001420
=710  2\$aLabor Archives of Washington,$ecurator.
=856  42$uhttp://archiveswest.orbiscascade.org/ark:/80444/xv681304$zConnect to the online finding aid for this collection
=049  \\$aWAUW

