=LDR  03229cpcaa2200541 i 4500
=001  123952597
=008  070503i19371955wau\\\\\\\\\\\\\\\\\eng\d
=005  20220613043031.2
=040  \\$aWAU$beng$erda$edacs$cWAU$dWAU$dOCLCO$dWAU$dOCLCO$dOCLCQ$dWAU$dOCLCO$dOCLCF$dOCLCO
=041  0\$heng
=043  \\$an-us-wa
=046  \\$o1937$p1955$2edtf
=110  2\$aBuilding Service Employees' International Union.$bLocal 6 (Seattle, Wash.),$ecreator.
=245  10$aBuilding Service Employees' International Union, Local 6 records.
=264  \0$c1937-1955
=300  \\$aapproximately .21 cubic ft.
=336  \\$atext$btxt$2rdacontent
=337  \\$aunmediated$bn$2rdamedia
=338  \\$asheet$bnb$2rdacarrier
=386  \\$aWashingtonians (Washington State)$2lcdgt
=545  1\$aThe Building Service Employees International Union (BSEIU) was founded on April 23, 1921 in Chicago; its first members were janitors, elevator operators, and window washers. The union's membership increased significantly with a 1934 strike in New York City's Garment District. In order to reflect its increasingly diversified membership, in 1968 the union renamed itself the Service Employees International Union (SEIU).
=520  2\$aMinutes of general membership meetings of the Union.
=506  \\$aAccess may be restricted. Contact Special Collections for details.
=540  \\$aSome restrictions exist on duplication, quotation, or publication. Contact the repository for details
=500  \\$aProcessing levels vary. Contact the repository for details
=541  \\$cDonated by:$aBSEIU,$dNovember 10, 1980.
=500  \\$aForms a part of the Labor Archives of Washington.
=610  20$aBuilding Service Employees' International Union.$bLocal 6 (Seattle, Wash.),$eArchives.
=650  \0$aLabor$zWashington (State)$xHistory$vSources.
=650  \0$aLabor unions$zWashington (State)$xHistory$vSources.
=650  \0$aLabor movement$zWashington (State)$xHistory$vSources.
=650  \6$aTravail$0(CaQQLa)201-0093408$zWashington (État)$0(CaQQLa)201-0395184$xHistoire$0(CaQQLa)201-0382350$vSources.$0(CaQQLa)201-0382350
=650  \6$aSyndicats$0(CaQQLa)201-0007001$zWashington (État)$0(CaQQLa)201-0395184$xHistoire$0(CaQQLa)201-0382350$vSources.$0(CaQQLa)201-0382350
=650  \6$aMouvement ouvrier$0(CaQQLa)201-0078721$zWashington (État)$0(CaQQLa)201-0395184$xHistoire$0(CaQQLa)201-0382350$vSources.$0(CaQQLa)201-0382350
=650  \7$aLabor.$2fast$0(OCoLC)fst00989798
=650  \7$aLabor movement.$2fast$0(OCoLC)fst00990079
=650  \7$aLabor unions.$2fast$0(OCoLC)fst00990260
=651  \7$aWashington (State)$2fast$0(OCoLC)fst01204703
=655  \7$aminutes (administrative records)$2aat$0(CStmoGRI)aatgf300027440
=655  \7$aminute books.$2aat$0(CStmoGRI)aatgf300135375
=655  \7$aHistory.$2fast$0(OCoLC)fst01411628
=655  \7$aMinutes (Records)$2fast$0(OCoLC)fst01919940
=655  \7$aSources.$2fast$0(OCoLC)fst01423900
=655  \7$aMinutes (Records)$2lcgft
=655  \7$aProcès-verbaux.$2rvmgf$0(CaQQLa)RVMGF-000001222
=710  2\$aLabor Archives of Washington,$ecurator.
=856  42$uhttp://archiveswest.orbiscascade.org/ark:/80444/xv36102$zConnect to the finding aid for this collection.
=049  \\$aWAUW

