=LDR  08888cpcaa22009377a 4500
=001  123949370
=008  070503i19141976xx\\\\\\\\\\\\\\\\\\eng\d
=005  20230628141516.1
=007  hd\bf||||b|c|
=040  \\$aWAU$beng$edacs$cWAU$dWAU$dOCLCQ$dOCLCA$dWAU$dOCLCA$dOCLCF$dOCLCO$dOCLCQ$dOCLCO$dOCLCQ$dOCLCO$dWAU
=043  \\$an-us-wa
=100  1\$aBulosan, Carlos.
=245  10$aCarlos Bulosan papers,$f1914-1976$g(bulk 1948-1956).
=300  \\$a4.99$fcubic ft. (7$fboxes, 3 vertical files, 19 microfilm reels, 3 audiocassettes, 3 audiotape reels, 2 CD-ROMs discs)
=300  \\$a17$fmicrofilm reels
=351  \\$aArranged in 6 accessions: Accession 0581-010, Carlos Bulosan poems and writing, 1914, undated; Accession 0581-011, Carlos Bulosan writings, 1936, undated; Accession 0581-012, Carlos Bulosan papers, 1936-1976 (bulk 1948-1956); Accession 0581-013, Sound cassettes about Carlos Bulosan, 1959-1960; Accession 0581-014, Carlos Bulosan papers, 1953; Accession 0581-015, Ralph Franklin postcard, 1963.
=545  0\$aFilipino-American writer, poet, and labor reformer Carlos Bulosan (1911-1956) was active in California and Washington State as an advocate for improving the conditions of migrant workers from the mid-1930s to mid-1940s, but is perhaps best known as the author of America is in the Heart (1946).$bBorn in the Philippines (in Mangusmana, a small village in Pangasinan Province, Luzon Island), he began working as a day laborer at the age of eleven, after having received only three years of formal schooling. In hopes of a better life, Bulosan decided to immigrate to the United States, where he immediately encountered racial discrimination and harsh working conditions. Soon after his initial arrival in Seattle (in 1930 or 1931), he was forced to work at an Alaskan fish cannery for low wages. At the end of the season, he returned to Washington and became a migrant farm worker in Eastern Washington and California. During the years 1935-1941, he attempted to organize migrant workers into unions and began to write about their conditions, particularly those of Filipino Americans. Bulosan, who had published a poem in an anthology in 1932 and written for local newspapers and literary magazines, began to write more prolifically during a two-year stay at Los Angeles General Hospital for treatment of tuberculosis that began in 1936. During the 1940s, he began to receive more attention for his writings, which included two collections of poems, Letter from America (1942) and The Voice of Bataan (1943). The Laughter of My Father (1944), a set of short stories, further enhanced Bulosan's reputation as a writer and became a surprise bestseller. It was followed up by America is in the Heart (1946), a semi-autobiographical account of the Filipino immigrant experience. Plagued by ill heath, Bulosan wrote very little during the last ten years of his life and was blacklisted for his political activities during the 1950s. Following his death from pneumonia, Bulosan was buried in Mount Pleasant Cemetery in the Queen Anne neighborhood of Seattle; in 1982, an elaborate monument was erected in his honor at his grave.
=520  2\$aThe Carlos Bulosan papers are composed of several accessions which contain originals and copies of manuscripts of Bulosan's writings (including prose, poetry and some plays) and correspondence, as well as clippings, ephemera, financial records, a single scrapbook, and yearbooks for Local 37 of the International Longshoremen's and Warehousemen's Union (ILWU), which Bulosan edited during the early 1950s.$bAlso of note are sound recordings of reminscences and tributes made by friends and associates of Bulosan, including fellow labor activist Chris Mensalvas and Bulosan's longtime companion, Josephine Patrick. On the whole, the collection directly documents Bulosan's literary productions in greater detail than it does his political and social activism.
=506  \\$aOpen to all users.
=540  \\$aLiterary rights have been transferred to the University of Washington Libraries; however, some restrictions may exist on copying, quotation or publication. Microfilm reel #4 may not be copied without the permission of the University of Chicago.
=541  \\$aReceived in various installments, 1960-2011.
=530  \\$aPortions of the records are available on microfilm in the repository and through interlibrary loan. Contact the Special Collections division of the University of Washington Libraries for details.
=535  1\$3Original materials from Accession 0851-010 in the$aUniversity of the Philippines.
=535  1\$3Portions of the original materials (Microfilm reel #4) in the$aUniversity of Chicago.
=524  \\$aCarlos Bulosan papers. Special Collections, University of Washington Libraries, Seattle, Washington.
=555  0\$aFinding aid available in the repository and on the World Wide Web.
=600  10$aBulosan, Carlos$vArchives.
=600  10$aMensalvas, Chris D.,$d-1977$vInterviews.
=600  10$aPatrick, Josephine$vInterviews.
=610  20$aInternational Longshoremen's and Warehousemen's Union.$bLocal 37 (Seattle, Wash.)
=650  \0$aAmerican literature$xFilipino American authors.
=650  \0$aAmerican poetry$xFilipino American authors.
=650  \0$aDramatists, American$zWashington (State)$zSeattle$y20th century.
=650  \0$aFilipino American theater.
=650  \0$aFilipino American authors$zWashington (State)$zSeattle.
=650  \0$aFilipino Americans$zWashington (State)$zSeattle$vArchives.
=650  \0$aFilipino Americans$zWashington (State)$zSeattle$y20th century.
=650  \0$aFilipino Americans in literature.
=650  \0$aPolitical activists$zWashington (State)$zSeattle$y20th century.
=651  \0$aSeattle (Wash.)$xIntellectual life$y20th century.
=651  \0$aSeattle (Wash.)$xSocial life and customs$y20th century.
=650  \6$aLittérature américaine$xAuteurs américains d'origine philippine.$0(CaQQLa)000259620
=650  \6$aDramaturges américains$0(CaQQLa)201-0203449$zWashington (État)$0(CaQQLa)201-0394837$zSeattle$0(CaQQLa)201-0394837$y20e siècle.$0(CaQQLa)201-0373677
=650  \6$aÉcrivains américains d'origine philippine$0(CaQQLa)000259621$zWashington (État)$0(CaQQLa)201-0394837$zSeattle.$0(CaQQLa)201-0394837
=650  \6$aAméricains d'origine philippine$0(CaQQLa)201-0079090$zWashington (État)$0(CaQQLa)201-0394837$zSeattle$0(CaQQLa)201-0394837$vArchives.$0(CaQQLa)201-0378256
=650  \6$aAméricains d'origine philippine$0(CaQQLa)201-0079090$zWashington (État)$0(CaQQLa)201-0394837$zSeattle$0(CaQQLa)201-0394837$y20e siècle.$0(CaQQLa)201-0373677
=650  \6$aActivistes$0(CaQQLa)201-0007800$zWashington (État)$0(CaQQLa)201-0394837$zSeattle$0(CaQQLa)201-0394837$y20e siècle.$0(CaQQLa)201-0373677
=600  17$aBulosan, Carlos.$2fast$0(OCoLC)fst00013838
=600  17$aMensalvas, Chris D.,$d-1977.$2fast$0(OCoLC)fst01834384
=610  27$aInternational Longshoremen's and Warehousemen's Union.$bLocal 37 (Seattle, Wash.)$2fast$0(OCoLC)fst00629742
=650  \7$aAmerican literature$xFilipino American authors.$2fast$0(OCoLC)fst00807161
=650  \7$aAmerican poetry$xFilipino American authors.$2fast$0(OCoLC)fst01765347
=650  \7$aDramatists, American.$2fast$0(OCoLC)fst00897556
=650  \7$aFilipino American authors.$2fast$0(OCoLC)fst00924184
=650  \7$aFilipino American theater.$2fast$0(OCoLC)fst01202115
=650  \7$aFilipino Americans.$2fast$0(OCoLC)fst00924194
=650  \7$aFilipino Americans in literature.$2fast$0(OCoLC)fst00924209
=650  \7$aIntellectual life.$2fast$0(OCoLC)fst00975769
=650  \7$aManners and customs.$2fast$0(OCoLC)fst01007815
=650  \7$aPolitical activists.$2fast$0(OCoLC)fst01069192
=651  \7$aWashington (State)$zSeattle.$2fast$0(OCoLC)fst01204940
=648  \7$a1900-1999$2fast
=655  \0$aClippings (Books, newspapers, etc.)
=655  \7$acorrespondence.$2aat$0(CStmoGRI)aatgf300026877
=655  \7$aEphemera.$2aat
=655  \7$afinancial records.$2aat$0(CStmoGRI)aatgf300027473
=655  \7$areminiscences.$2aat$0(CStmoGRI)aatgf300026479
=655  \7$ascrapbooks.$2aat$0(CStmoGRI)aatgf300027341
=655  \7$ayearbooks.$2aat$0(CStmoGRI)aatgf300026646
=655  \7$aAlbums (Books)$2fast$0(OCoLC)fst01726784
=655  \7$aArchives.$2fast$0(OCoLC)fst01423700
=655  \7$aInterviews.$2fast$0(OCoLC)fst01423832
=655  \7$aYearbooks.$2fast$0(OCoLC)fst01424368
=655  \7$aAlbums (Books)$2lcgft
=655  \7$aYearbooks.$2lcgft
=655  \7$aAlbums personnalisés.$2rvmgf$0(CaQQLa)RVMGF-000001033
=655  \7$aAnnuaires.$2rvmgf$0(CaQQLa)RVMGF-000001035
=700  1\$aMensalvas, Chris D.,$d-1977.
=700  1\$aPatrick, Josephine.
=856  42$uhttps://archiveswest.orbiscascade.org/ark:80444/xv17805$zConnect to the online finding aid for this collection.
=049  \\$aWAUW

