=LDR  08103cpcaa22011657a 4500
=001  28410266
=008  881130i19152000xx\\\\\\\\\\\\\\\\\\eng\d
=005  20221021191557.0
=010  \\$a   88798888 
=040  \\$aWAU$beng$edacs$cWAU$dDLC$dOCL$dWAU$dOCLCQ$dOCLCG$dWAU$dOCLCA$dWAU$dOCLCA$dOCLCO$dOCLCA$dOCLCF$dOCLCA$dOCL$dWAU$dOCLCO$dOCLCQ$dWAU
=019  \\$a123953301
=043  \\$an-us---$an-us-wa$an-us-ak
=110  2\$aCannery Workers and Farm Laborers Union.$bLocal 7 (Seattle, Wash.)
=245  10$aCannery Workers and Farm Laborers Union, Local 7 records,$f1915-2000.
=300  \\$a58.77 cubic feet (75 boxes) plus 1 oversize folder
=545  1\$aFounded in 1933 as the Cannery Workers and Farm Laborers Union, Local 18257, with AFL affiliation, it represented Alaska salmon cannery workers and farm workers. In 1937 the union became Cannery Workers and Farm Laborers Union, Local 7, of the United Cannery, Agricultural, Packing, and Allied Workers of America with CIO affiliation. In 1945 Local 7 affiliated with the Food, Tobacco, and Agricultural Workers of America (CIO). In 1951 the union became Local 37 of International Longshoremen's and Warehousemen's Union, and ca. 1987 it became Region 37 of IBU/ILWU. The membership historically was Filipino American cannery workers.
=520  2\$aCorrespondence, minutes, negotiations, contracts, agreements, dispatching records, newsletters, case files, election materials, court papers, photos, and ephemera, together with records of organizations to which the union belonged, including Maritime Federation of the Pacific, Washington Commonwealth Federation, Seattle Area Industrial Council, and Washington Industrial Union Council. Includes papers of Gene Viernes, secretary-treasurer of the union, relating to his research on the union history and records of Alaska Cannery Workers Association and the Rank and File Committee of Local 37, concerning attempts to reform Local 37. Major correspondents include Irineo Cabatit, Virgil Duyungan, Art E. Harding, Chris D. Mensalvas, Prudencio Mori, Vicente Navea, Frank T. Patterson, Trinidad Rojo, and Victorio Velasco, all officials of the union.
=541  \\$aGift of Region 37 IBU/ILWU, 1987 and 2021. Accession 3927-003 donated by Cindy Domingo in 2021 who consolidated these from various other members nationwide as a continuation of the KDP records project.
=600  10$aCabatit, Irineo R.$vCorrespondence.
=600  10$aDuyungan, Virgil$vCorrespondence.
=600  10$aHarding, Art E.$vCorrespondence.
=600  10$aMensalvas, Chris D.,$d-1977$vCorrespondence.
=600  10$aMori, Prudencio Padilla$vCorrespondence.
=600  10$aNavea, Vicente$vCorrespondence.
=600  10$aPatterson, Frank T.$vCorrespondence.
=600  10$aRojo, Trinidad$vCorrespondence.
=600  10$aVelasco, Victorio A.,$d1902-1968$vCorrespondence.
=610  20$aAmerican Federation of Labor.
=610  20$aCongress of Industrial Organizations (U.S.)
=610  20$aFood, Tobacco, Agricultural, and Allied Workers Union of America.
=650  \0$aSalmon industry$xEmployees$xLabor unions$zPacific Coast (U.S.)
=650  \0$aFilipino Americans$zWashington (State)
=650  \0$aCannery workers$xLabor unions$zWashington (State)
=650  \0$aAgricultural laborers$xLabor unions$zWashington (State)
=650  \0$aCannery workers$zWashington (State)
=650  \0$aAgricultural laborers$zWashington (State)
=650  \0$aMerchant mariners$xLabor unions.
=650  \0$aMerchant mariners$zPacific Coast (U.S.)
=650  \0$aCannery workers$xLabor unions.
=650  \0$aCannery workers$zAlaska.
=650  \0$aLabor unions$zAlaska$xHistory.
=650  \0$aLabor unions$zWashington (State)$xHistory.
=650  \0$aStevedores$xLabor unions.
=650  \0$aStevedores$zWashington (State)
=650  \0$aTransport workers$xLabor unions.
=650  \0$aTransport workers$zWashington (State)
=650  \0$aLabor disputes$zWashington (State)
=650  \6$aSaumons$0(CaQQLa)201-0152704$xIndustrie$0(CaQQLa)201-0152704$xPersonnel$0(CaQQLa)201-0380431$xSyndicats$0(CaQQLa)201-0378916$zPacifique, Côte du (États-Unis)$0(CaQQLa)201-0407794
=650  \6$aAméricains d'origine philippine$0(CaQQLa)201-0079090$zWashington (État)$0(CaQQLa)201-0395184
=650  \6$aConserveries$0(CaQQLa)201-0185657$xPersonnel$0(CaQQLa)201-0185657$xSyndicats$0(CaQQLa)201-0185657$zWashington (État)$0(CaQQLa)201-0395184
=650  \6$aTravailleurs agricoles$0(CaQQLa)201-0053847$xSyndicats$0(CaQQLa)201-0053847$zWashington (État)$0(CaQQLa)201-0395184
=650  \6$aConserveries$0(CaQQLa)201-0024670$xPersonnel$0(CaQQLa)201-0024670$zWashington (État)$0(CaQQLa)201-0395184
=650  \6$aTravailleurs agricoles$0(CaQQLa)201-0023159$zWashington (État)$0(CaQQLa)201-0395184
=650  \6$aMarins (Marine marchande)$xSyndicats.$0(CaQQLa)201-0087528
=650  \6$aMarins (Marine marchande)$0(CaQQLa)201-0023145$zPacifique, Côte du (États-Unis)$0(CaQQLa)201-0407794
=650  \6$aConserveries$xPersonnel$xSyndicats.$0(CaQQLa)201-0185657
=650  \6$aConserveries$0(CaQQLa)201-0024670$xPersonnel$0(CaQQLa)201-0024670$zAlaska.$0(CaQQLa)201-0460551
=650  \6$aSyndicats$0(CaQQLa)201-0007001$zAlaska$0(CaQQLa)201-0460551$xHistoire.$0(CaQQLa)201-0378888
=650  \6$aSyndicats$0(CaQQLa)201-0007001$zWashington (État)$0(CaQQLa)201-0395184$xHistoire.$0(CaQQLa)201-0378888
=650  \6$aDébardeurs$xSyndicats.$0(CaQQLa)201-0055413
=650  \6$aDébardeurs$0(CaQQLa)201-0055246$zWashington (État)$0(CaQQLa)201-0395184
=650  \6$aTravailleurs des transports$xSyndicats.$0(CaQQLa)201-0074328
=650  \6$aTravailleurs des transports$0(CaQQLa)201-0025706$zWashington (État)$0(CaQQLa)201-0395184
=600  17$aCabatit, Irineo R.$2fast$0(OCoLC)fst00241056
=600  17$aDuyungan, Virgil.$2fast$0(OCoLC)fst00241037
=600  17$aHarding, Art E.$2fast$0(OCoLC)fst00241038
=600  17$aMensalvas, Chris D.,$d-1977.$2fast$0(OCoLC)fst01834384
=600  17$aMori, Prudencio Padilla.$2fast$0(OCoLC)fst00241039
=600  17$aNavea, Vicente.$2fast$0(OCoLC)fst00241040
=600  17$aPatterson, Frank T.$2fast$0(OCoLC)fst00241041
=600  17$aRojo, Trinidad.$2fast$0(OCoLC)fst00241042
=600  17$aVelasco, Victorio A.,$d1902-1968.$2fast$0(OCoLC)fst01718533
=610  27$aAmerican Federation of Labor.$2fast$0(OCoLC)fst00535672
=610  27$aCongress of Industrial Organizations (U.S.)$2fast$0(OCoLC)fst00546250
=610  27$aFood, Tobacco, Agricultural, and Allied Workers Union of America.$2fast$0(OCoLC)fst00642724
=650  \7$aAgricultural laborers.$2fast$0(OCoLC)fst00800949
=650  \7$aAgricultural laborers$xLabor unions.$2fast$0(OCoLC)fst00800972
=650  \7$aCannery workers.$2fast$0(OCoLC)fst00845847
=650  \7$aCannery workers$xLabor unions.$2fast$0(OCoLC)fst00845848
=650  \7$aFilipino Americans.$2fast$0(OCoLC)fst00924194
=650  \7$aLabor disputes.$2fast$0(OCoLC)fst00989929
=650  \7$aLabor unions.$2fast$0(OCoLC)fst00990260
=650  \7$aMerchant mariners.$2fast$0(OCoLC)fst01017001
=650  \7$aMerchant mariners$xLabor unions.$2fast$0(OCoLC)fst01017015
=650  \7$aStevedores.$2fast$0(OCoLC)fst01133295
=650  \7$aStevedores$xLabor unions.$2fast$0(OCoLC)fst01133303
=650  \7$aTransport workers.$2fast$0(OCoLC)fst01154995
=650  \7$aTransport workers$xLabor unions.$2fast$0(OCoLC)fst01155003
=651  \7$aAlaska.$2fast$0(OCoLC)fst01204480
=651  \7$aUnited States$zPacific Coast.$2fast$0(OCoLC)fst01243522
=651  \7$aWashington (State)$2fast$0(OCoLC)fst01204703
=655  \7$acorrespondence.$2aat$0(CStmoGRI)aatgf300026877
=655  \7$aHistory.$2fast$0(OCoLC)fst01411628
=655  \7$aNewsletters.$2fast$0(OCoLC)fst01919943
=655  \7$aPersonal correspondence.$2fast$0(OCoLC)fst01919948
=655  \7$aNewsletters.$2lcgft
=655  \7$aLettres d'informations.$2rvmgf$0(CaQQLa)RVMGF-000001104
=740  0\$aAcc3927-001
=856  42$uhttps://archiveswest.orbiscascade.org/ark:/80444/xv82650/$zConnect to the online finding aid for this collection.
=049  \\$aWAUW

