=LDR  10055cpcaa2201009Ii 4500
=001  958840900
=008  160920i19502015xx\\\\\\\\\\\\\\\\\\eng\d
=005  20220402031922.3
=040  \\$aWAU$beng$erda$edacs$cWAU$dWAU$dOCLCA$dOCLCF$dWAU$dOCLCO$dWAU$dOCLCO
=046  \\$k1950$l2015
=110  2\$aCasa Latina (Seattle, Wash.),$ecreator.
=245  10$aCasa Latina records.
=264  \0$c1950-2015
=300  \\$a13.8$fcubic feet$a(13 boxes) plus 141 MB (1,162 digital files)
=336  \\$atext$btxt$2rdacontent
=336  \\$athree-dimensional form$btdf$2rdacontent
=337  \\$acomputer$bc$2rdamedia
=338  \\$asheet$bnb$2rdacarrier
=338  \\$aobject$bnr$2rdacarrier
=338  \\$acomputer chip cartridge$bcb$2rdacarrier
=545  0\$aCasa Latina is a worker center and Seattle-based nonprofit that works to educate, assist and empower Latinx and immigrant workers. Founded in 1994 to address the needs of a growing number of Latinx workers arriving in Seattle, the organization began by doing street outreach in borrowed spaces, becoming a nonprofit in 1995. Since 2009, Casa Latina runs a labor dispatch hall and training programs out of a custom-designed, three-building campus in Seattle's Central District. The campus provides a home for Casa Latina's ESL classes, job skills and safety training workshops, as well as community organizing for over 750 worker-members. The "Casa" in Casa Latina stands for Centro de Ayuda Solidaria a los Amigos, which means "Center for Help in Solidarity with Friends." Casa Latina made history in 2014 when it affiliated with the Washington State Labor Council, AFL-CIO, becoming the first worker center to join the executive board of the state AFL-CIO body. Casa Latina had earlier affiliated with the WSLC in 2009.Casa Latina joined forces with the Martin Luther King County Labor Council in Seattle in 2014. Nationally, Casa Latina is affiliated with the National Day Laborer Organizing Network and National Domestic Workers Alliance. Casa Latina's programs, curricula, and operations have served as a model for worker centers throughout the country. [Casa Latina es un centro de trabajadores y una organización sin fines de lucro basada en Seattle que existe para educar, asistir y apoderar a trabajadores Latinx e inmigrantes. Fundado en 1994 para responder a las necesidades de un gran número de trabajadores Latinx llegando a Seattle, la organización empezó por alcance callejero en lugares prestados y se convirtió en una organización sin fines de lucro en 1995. Desde 2009, Casa Latina maneja un centro de trabajo y programas de entrenamiento en un campus de tres edificios, de diseño personalizado, localizado en el Central District en Seattle. En este campus, Casa Latina provee clases de inglés, talleres de habilidades y seguridad en el trabajo, y organización comunitaria para 750 miembros-trabajadores. La "Casa" en Casa Latina significa Centro de Ayuda Solidaria a los Amigos. Casa Latina hizo historia en 2014 cuando se junt al Washington State Labor Council, AFL-CIO, haciéndose el primer centro de trabajadores de ser parte de la junta ejecutiva del cuerpo AFL-CIO del estado. Casa Latina se había afiliado con el WSLC en 2009. Casa Latina se junto al Martin Luther King County Labor Council en Seattle en 2014. Al nivel nacional Casa latina está afiliado al National Day Laborer Organizing Network (red nacional de organizar jornaleros)  y National Domestic Workers Alliance (alianza nacional de trabajadores domésticos). Los programas, el currículo y las operaciones de Casa Latina han servido como modelo para centros de trabajadores al través del país.]
=520  2\$aThis collection contains the records of Casa Latina, including the office files of Hilary Stern, founding Executive Director of Casa Latina from 1994-2016. The majority of the organizational records relate to the history, governance, founding, funding, finances, operations, and programs of Casa Latina, including legislative lobbying and advocacy records. The collection also contains records of the Executive Board, including paper-based and digital  meeting materials, records of decisions, and Executive Director reports. Also included are Casa Latina building plans for its current three-building campus in the Central District, reflecting a community-centered process for the design of the space itself, efforts to foster connections with area residents, and building and construction plans.   Promotional materials include newsletters, flyers, press releases, and speech materials created by or about Casa Latina. [Esta  colección contiene registros de Casa Latina incluyendo documentos de la oficina de Hilary Stern, Directora Ejecutiva fundadora de Casa Latina desde 1994 hasta 2016. La mayoría de los registros organizativos son relacionados a la historia, gobernancia, fundación, finanzas, operaciones, y programas de Casa Latina, incluyendo registros sobre trabajo de cabildeo. La colección también contiene registros físicos y digitales de la junta ejecutiva incluyendo materiales de juntas, registros de decisiones y reportes de la directora ejecutiva. Estaría los promocionales incluso boletines, volantes, comunicados de prensa, y materiales de discursos hechos por o sobre Casa Latina. También incluido son planes de construcción para el campus actual de tres edificios de Casa Latina, en el área Central District. Los registros reflejan un proceso de diseño enfocado en conectar con residentes del área, en proveer para las necesidades de la comunidad del lugar, y los planes de construcción.]
=506  \\$aNo restrictions on access. No user access copy is currently available for digital files. Arrangements can be made to preview the digital materials onsite in the Special Collections Reading Room by contacting Special Collections well in advance of your visit.
=540  \\$aCreator's copyrights transferred to the University of Washington Libraries Special Collections.
=500  \\$aForms part of the Labor Archives of Washington
=541  \\$cDonated by$aCasa Latina, Hilary Stern,$d2016-01-20
=610  20$aCasa Latina (Seattle, Wash.)$vArchives.
=610  20$aCasa Latina (Seattle, Wash.)$xFinance.
=610  20$aCasa Latina (Seattle, Wash.)$xAdministration.
=610  20$aUnited Way of America$xResearch grants$vSources.
=650  \0$aNonprofit organizations$zWashington (State)$zSeattle.
=650  \0$aImmigrants$zWashington (State)$zSeattle.
=650  \0$aImmigrants$zWashington (State)$zSeattle$xSocial conditions.
=650  \0$aForeign workers$zWashington (State)$zSeattle.
=650  \0$aSocial work with immigrants$zWashington (State)$zSeattle.
=650  \0$aLabor unions$zWashington (State)$zSeattle.
=650  \0$aLabor$zWashington (State)$zSeattle.
=650  \0$aLabor movement$zWashington (State)$zSeattle.
=650  \6$aAssociations sans but lucratif$0(CaQQLa)201-0062328$zWashington (État)$0(CaQQLa)201-0394837$zSeattle.$0(CaQQLa)201-0394837
=650  \6$aService social aux immigrants$0(CaQQLa)201-0092313$zWashington (État)$0(CaQQLa)201-0394837$zSeattle.$0(CaQQLa)201-0394837
=650  \6$aSyndicats$0(CaQQLa)201-0007001$zWashington (État)$0(CaQQLa)201-0394837$zSeattle.$0(CaQQLa)201-0394837
=650  \6$aTravail$0(CaQQLa)201-0093408$zWashington (État)$0(CaQQLa)201-0394837$zSeattle.$0(CaQQLa)201-0394837
=650  \6$aMouvement ouvrier$0(CaQQLa)201-0078721$zWashington (État)$0(CaQQLa)201-0394837$zSeattle.$0(CaQQLa)201-0394837
=610  27$aUnited Way of America.$2fast$0(OCoLC)fst00535047
=650  \7$aFinance.$2fast$0(OCoLC)fst00924349
=650  \7$aForeign workers.$2fast$0(OCoLC)fst01729099
=650  \7$aImmigrants.$2fast$0(OCoLC)fst00967712
=650  \7$aImmigrants$xSocial conditions.$2fast$0(OCoLC)fst00967782
=650  \7$aLabor.$2fast$0(OCoLC)fst00989798
=650  \7$aLabor movement.$2fast$0(OCoLC)fst00990079
=650  \7$aLabor unions.$2fast$0(OCoLC)fst00990260
=650  \7$aManagement.$2fast$0(OCoLC)fst01007141
=650  \7$aNonprofit organizations.$2fast$0(OCoLC)fst01038875
=650  \7$aResearch grants.$2fast$0(OCoLC)fst01095281
=650  \7$aSocial work with immigrants.$2fast$0(OCoLC)fst01123520
=651  \7$aWashington (State)$zSeattle.$2fast$0(OCoLC)fst01204940
=655  \2$aEphemera$0(DNLM)D019502
=655  \7$apress releases.$2aat$0(CStmoGRI)aatgf300026437
=655  \7$abylaws (administrative records)$2aat$0(CStmoGRI)aatgf300027433
=655  \7$aprinted ephemera.$2aat$0(CStmoGRI)aatgf300264821
=655  \7$aannual reports.$2aat$0(CStmoGRI)aatgf300027292
=655  \7$aAnnual reports.$2fast$0(OCoLC)fst01919893
=655  \7$aArchives.$2fast$0(OCoLC)fst01423700
=655  \7$aBy-laws.$2fast$0(OCoLC)fst01423762
=655  \7$aEphemera.$2fast$0(OCoLC)fst01919921
=655  \7$aMinutes (Records)$2fast$0(OCoLC)fst01919940
=655  \7$aNewsletters.$2fast$0(OCoLC)fst01919943
=655  \7$aPress releases.$2fast$0(OCoLC)fst01726708
=655  \7$aRecords (Documents)$2fast$0(OCoLC)fst01919961
=655  \7$aSources.$2fast$0(OCoLC)fst01423900
=655  \7$aPress releases.$2lcgft
=655  \7$aBy-laws.$2lcgft
=655  \7$aEphemera.$2lcgft
=655  \7$aMinutes (Records)$2lcgft
=655  \7$aAnnual reports.$2lcgft
=655  \7$aRecords (Documents)$2lcgft
=655  \7$aNewsletters.$2lcgft
=655  \7$aCommuniqués de presse.$2rvmgf$0(CaQQLa)RVMGF-000001182
=655  \7$aStatuts.$2rvmgf$0(CaQQLa)RVMGF-000001472
=655  \7$aDocuments éphémères.$2rvmgf$0(CaQQLa)RVMGF-000001046
=655  \7$aProcès-verbaux.$2rvmgf$0(CaQQLa)RVMGF-000001222
=655  \7$aRapports annuels.$2rvmgf$0(CaQQLa)RVMGF-000001055
=655  \7$aDocuments administratifs.$2rvmgf$0(CaQQLa)RVMGF-000001054
=655  \7$aLettres d'informations.$2rvmgf$0(CaQQLa)RVMGF-000001104
=710  2\$aLabor Archives of Washington,$ehost institution.
=856  42$uhttp://archiveswest.orbiscascade.org/ark:/80444/xv93518$zConnect to the online finding aid for this collection
=049  \\$aWAUW

