=LDR  06521cpcaa2200685 i 4500
=001  123949593
=008  070503s1969\\\\wau\\\\\\\\\\\\\\\\\eng\d
=005  20220527161055.1
=040  \\$aWAU$beng$erda$edacs$cWAU$dWAU$dOCLCQ$dWAU$dOCLCO$dOCLCF$dOCLCO
=041  0\$heng
=043  \\$an-us-wa
=046  \\$k1969$2edtf
=110  2\$aCentral Contractors Association (Seattle, Wash.)$ecreator,$ecollector.
=245  10$aCentral Contractors Association records.
=264  \0$c1969
=300  \\$aapproximately .04 cubic ft.
=336  \\$astill image$btdi$2rdacontent
=337  \\$aunmediated$bn$2rdamedia
=338  \\$asheet$bnb$2rdacarrier
=386  \\$aWashingtonians (Washington State)$2lcdgt
=386  \\$aAfrican Americans$2lcdgt
=545  1\$aIn 1969, Walter Hundley, director of the Seattle Model Cities Program, encouraged local black independent contractors to organize in an effort to gain lucrative building construction contracts that required minority participation. On May  27, 1969, sixty or so black contractors formed the Central Contractors Association, chaired by Tyree Scott (1940-2003). The organization faced 15 Washington building trades unions representing some 29,000 workers that, as of 1966, had only seven non-white apprentices, according to the Washington State Board of Discrimination. The CCA put aside litigation strategies and used direct action to effect change.  They brought every major, federally funded construction site in the city of Seattle to a halt in late August and September of 1969. They did this by disabling equipment, blocking workers from their jobs, and demanding that federal civil rights law be used to force unions to hire more black workers. In addition to direct action protests, the CCA launched a lawsuit against five prominent unions in Seattle.  In December, 1969, the U.S. Department of Justice joined the case in favor of the CCA.  The subsequent ruling handed down by Federal Judge William Lindberg found all unions except one in violation of Title VII of the Civil Rights Act of 1964. The court required unions to open membership to African Americans, create a special apprenticeship program, change the admissions for journeymen level, and immediately admit 45 African Americans to the program. After this victory, Scott Tyree left the CCA to found the United Construction Workers Association (UCWA) in 1970. After his departure, the CCA decreased their emphasis on direct action and shifted its resources to helping provide training and support for black contractors who now had access to government contracts.
=520  \\$aEphemeral materials of the association.
=506  \\$aAccess may be restricted. Contact Special Collections for details.
=540  \\$aSome restrictions exist on duplication, quotation, or publication. Contact the repository for details.
=500  \\$aProcessing levels vary. Contact the repository for details.
=500  \\$aForms a part of the Labor Archives of Washington.
=610  20$aCentral Contractors Association (Seattle, Wash.)$vArchives.
=650  \0$aIndependent contractors$zWashington (State)$zSeattle$xSocieties, etc.$vArchives.
=650  \0$aAfrican American businesspeople$zWashington (State)$zSeattle$xHistory$vSources.
=650  \0$aIndependent contractors$zWashington (State)$zSeattle$xSocieties, etc.$xHistory$vSources.
=650  \0$aMinorities$xEmployment$zWashington (State)$zSeattle$xHistory$vSources.
=650  \0$aAfrican Americans$xEmployment$zWashington (State)$zSeattle$xHistory$vSources.
=650  \0$aLabor$zWashington (State)$zSeattle$xSocieties, etc.$xHistory$vSources.
=650  \0$aLabor unions$zWashington (State)$zSeattle$xSocieties, etc.$xHistory$vSources.
=650  \0$aLabor movement$zWashington (State)$zSeattle$xSocieties, etc.$xHistory$vSources.
=650  \6$aEntrepreneurs indépendants$0(CaQQLa)201-0220496$zWashington (État)$0(CaQQLa)201-0394837$zSeattle$0(CaQQLa)201-0394837$xAssociations$0(CaQQLa)201-0380049$vArchives.$0(CaQQLa)201-0378256
=650  \6$aGens d'affaires noirs américains$0(CaQQLa)201-0032219$zWashington (État)$0(CaQQLa)201-0394837$zSeattle$0(CaQQLa)201-0394837$xHistoire$0(CaQQLa)201-0382350$vSources.$0(CaQQLa)201-0382350
=650  \6$aEntrepreneurs indépendants$0(CaQQLa)201-0220496$zWashington (État)$0(CaQQLa)201-0394837$zSeattle$0(CaQQLa)201-0394837$xAssociations$0(CaQQLa)201-0380049$xHistoire$0(CaQQLa)201-0382350$vSources.$0(CaQQLa)201-0382350
=650  \6$aMinorités$0(CaQQLa)201-0066780$xTravail$0(CaQQLa)201-0066780$zWashington (État)$0(CaQQLa)201-0394837$zSeattle$0(CaQQLa)201-0394837$xHistoire$0(CaQQLa)201-0382350$vSources.$0(CaQQLa)201-0382350
=650  \6$aNoirs américains$0(CaQQLa)201-0074591$xTravail$0(CaQQLa)201-0074591$zWashington (État)$0(CaQQLa)201-0394837$zSeattle$0(CaQQLa)201-0394837$xHistoire$0(CaQQLa)201-0382350$vSources.$0(CaQQLa)201-0382350
=650  \6$aTravail$0(CaQQLa)201-0093408$zWashington (État)$0(CaQQLa)201-0394837$zSeattle$0(CaQQLa)201-0394837$xAssociations$0(CaQQLa)201-0380049$xHistoire$0(CaQQLa)201-0382350$vSources.$0(CaQQLa)201-0382350
=650  \6$aSyndicats$0(CaQQLa)201-0007001$zWashington (État)$0(CaQQLa)201-0394837$zSeattle$0(CaQQLa)201-0394837$xAssociations$0(CaQQLa)201-0380049$xHistoire$0(CaQQLa)201-0382350$vSources.$0(CaQQLa)201-0382350
=650  \6$aMouvement ouvrier$0(CaQQLa)201-0078721$zWashington (État)$0(CaQQLa)201-0394837$zSeattle$0(CaQQLa)201-0394837$xAssociations$0(CaQQLa)201-0380049$xHistoire$0(CaQQLa)201-0382350$vSources.$0(CaQQLa)201-0382350
=650  \7$aAfrican American businesspeople.$2fast$0(OCoLC)fst00799064
=650  \7$aAfrican Americans$xEmployment.$2fast$0(OCoLC)fst00799610
=650  \7$aLabor movement$xSocieties, etc.$2fast$0(OCoLC)fst00990106
=650  \7$aLabor$xSocieties, etc.$2fast$0(OCoLC)fst00989834
=650  \7$aMinorities$xEmployment.$2fast$0(OCoLC)fst01023148
=651  \7$aWashington (State)$zSeattle.$2fast$0(OCoLC)fst01204940
=655  \7$aprinted ephemera.$2aat$0(CStmoGRI)aatgf300264821
=655  \7$aArchives.$2fast$0(OCoLC)fst01423700
=655  \7$aEphemera.$2fast$0(OCoLC)fst01919921
=655  \7$aHistory.$2fast$0(OCoLC)fst01411628
=655  \7$aSources.$2fast$0(OCoLC)fst01423900
=655  \7$aEphemera.$2lcgft
=655  \7$aDocuments éphémères.$2rvmgf$0(CaQQLa)RVMGF-000001046
=710  2\$aLabor Archives of Washington,$ecurator.
=856  42$uhttp://archiveswest.orbiscascade.org/ark:/80444/xv73175$zConnect to the finding aid for this collection.
=049  \\$aWAUW

