=LDR  04105cpcaa2200769 i 4500
=001  795932427
=008  120620i19861987wau\\\\\\\\\\\\\\\\\eng\d
=005  20220426051351.2
=040  \\$aWAU$beng$erda$edacs$cWAU$dWAU$dOCLCQ$dWAU$dOCLCO$dOCLCF$dOCLCO
=041  0\$heng
=046  \\$o1986$p1987$2edtf
=100  1\$aCoder, Bob,$ecollector.
=245  10$aRobert "Bob" Coder Lockheed Shipbuilding Company Lockout scrapbook.
=264  \0$c1986-1987
=300  \\$a0.42$fcubic ft. (1 box)
=336  \\$atext$btxt$2rdacontent
=337  \\$aunmediated$bn$2rdamedia
=338  \\$avolume$bnc$2rdacarrier
=386  \\$aMen$2lcdgt
=386  \\$aLabor union members$2lcsh
=386  \\$aWashingtonians (Washington State)$2lcdgt
=546  \\$aIn English.
=545  0\$aRobert "Bob" Coder was a member of International Brotherhood of Electrical Workers, Local 46--one of 13 maritime trade locals locked out by Lockheed Shipbuilding Company in 1986-1987.
=520  \\$aScrapbook of newsclippings, correspondence, flyers, and Rank and File Newsletter from 1986-1987 of 13 unions by Lockheed Shipbuilding Company.
=506  \\$aOpen to all users.
=540  \\$aCreator's literary rights transferred to the University of Washington Libraries.
=541  \\$cDonated by:$aRobert Gorman,$dApril 27, 2012.
=500  \\$aForms part of the Labor Archives of Washington.
=630  00$aRank and file.
=610  20$aLockheed Shipbuilding & Construction Co.$xHistory$vSources.
=650  \0$aShipbuilding industry$zWashington (State)$xHistory$vSources.
=650  \0$aLabor unions$zWashington (State)$xHistory$vSources.
=650  \0$aLabor$zWashington (State)$xHistory$vSources.
=650  \0$aLabor movement$zWashington (State)$xHistory$vSources.
=650  \0$aStrikes and lockouts$zWashington (State)$xHistory$vSources.
=650  \6$aConstruction navale$0(CaQQLa)201-0143821$xIndustrie$0(CaQQLa)201-0143821$zWashington (État)$0(CaQQLa)201-0395184$xHistoire$0(CaQQLa)201-0382350$vSources.$0(CaQQLa)201-0382350
=650  \6$aSyndicats$0(CaQQLa)201-0007001$zWashington (État)$0(CaQQLa)201-0395184$xHistoire$0(CaQQLa)201-0382350$vSources.$0(CaQQLa)201-0382350
=650  \6$aTravail$0(CaQQLa)201-0093408$zWashington (État)$0(CaQQLa)201-0395184$xHistoire$0(CaQQLa)201-0382350$vSources.$0(CaQQLa)201-0382350
=650  \6$aMouvement ouvrier$0(CaQQLa)201-0078721$zWashington (État)$0(CaQQLa)201-0395184$xHistoire$0(CaQQLa)201-0382350$vSources.$0(CaQQLa)201-0382350
=610  27$aLockheed Shipbuilding & Construction Co.$2fast$0(OCoLC)fst00529889
=650  \7$aLabor.$2fast$0(OCoLC)fst00989798
=650  \7$aLabor movement.$2fast$0(OCoLC)fst00990079
=650  \7$aLabor unions.$2fast$0(OCoLC)fst00990260
=650  \7$aShipbuilding industry.$2fast$0(OCoLC)fst01116272
=650  \7$aStrikes and lockouts.$2fast$0(OCoLC)fst01135030
=651  \7$aWashington (State)$2fast$0(OCoLC)fst01204703
=655  \2$aEphemera$0(DNLM)D019502
=655  \7$ascrapbooks.$2aat$0(CStmoGRI)aatgf300027341
=655  \7$anewspaper clippings.$2aat$0(CStmoGRI)aatgf300429554
=655  \7$aprinted ephemera.$2aat$0(CStmoGRI)aatgf300264821
=655  \7$aAlbums (Books)$2fast$0(OCoLC)fst01726784
=655  \7$aEphemera.$2fast$0(OCoLC)fst01919921
=655  \7$aHistory.$2fast$0(OCoLC)fst01411628
=655  \7$aNewsletters.$2fast$0(OCoLC)fst01919943
=655  \7$aPersonal correspondence.$2fast$0(OCoLC)fst01919948
=655  \7$aSources.$2fast$0(OCoLC)fst01423900
=655  \7$aAlbums (Books)$2lcgft
=655  \7$aNewsletters.$2lcgft
=655  \7$aPersonal correspondence.$2lcgft
=655  \7$aEphemera.$2lcgft
=655  \7$aAlbums personnalisés.$2rvmgf$0(CaQQLa)RVMGF-000001033
=655  \7$aLettres d'informations.$2rvmgf$0(CaQQLa)RVMGF-000001104
=655  \7$aCorrespondance privée.$2rvmgf$0(CaQQLa)RVMGF-000001056
=655  \7$aDocuments éphémères.$2rvmgf$0(CaQQLa)RVMGF-000001046
=710  2\$aLabor Archives of Washington,$ecurator.
=856  42$uhttps://archiveswest.orbiscascade.org/ark:/80444/xv40835/$zConnect to the online finding aid for this collection.
=049  \\$aWAUW

