=LDR  08493cpcaa2201201Ii 4500
=001  761333021
=008  111117i19732019xx\\\\\\\\\\\\\\\\\\eng\d
=005  20221208193719.5
=040  \\$aWAU$beng$erda$edacs$cWAU$dOCL$dOCLCF$dWAU$dOCLCO$dWAU
=043  \\$an-us-wa$aa-ph---
=046  \\$o1973$p2019$2edtf
=100  1\$aDomingo, Cindy,$ecreator.
=245  10$aCindy Domingo papers.
=264  \0$c1973-2019.
=300  \\$a50.76 cubic feet$a(50 boxes)
=336  \\$atext$btxt$2rdacontent
=337  \\$aunmediated$bn$2rdamedia
=338  \\$asheet$bnb$2rdacarrier
=351  \\$aArranged in 3 accessions: Accession no. 5651-001, Cindy Domingo papers, 1978-2010 -- Accession no. 5651-002, Cindy Domingo papers, 1982-1992 -- Accession no. 5651-003, Cindy Domingo papers, 1973-2009 -- Accession no. 5651-004, Cindy Domingo papers, 1989-2019.
=386  \\$aFilipino Americans$aWashingtonians (Washington (State)$2lcdgt
=386  \\$aSeattleites$2lcdgt
=386  \\$aWomen$2lcdgt
=545  0\$aCindy Domingo, along with her brothers and sisters, played a key role in the Asian American and Filipino youth movements of the 1970s, and has been a community leader in the Seattle area since then. In the 1970s, she helped lead solidarity campaigns on the University of Washington campus against the Marcos dictatorship in the Philippines. She was active in the Union of Democratic Filipinos (KDP), for which she did organizing in Seattle and Oakland. On June 1st, 1981, Cindy's brother Silme Domingo, a KDP organizer and union reform activist in ILWU Local 37, was assassinated along with fellow union leader Gene Viernes. For the next ten years, Cindy served as the National Chair for the Committee for Justice for Domingo and Viernes. The campaign resulted in the conviction of the former ILWU Local 37 President and family friend Tony Baruso for organizing the assassination, and also proved that the murders had been ordered by the Marcos regime with U.S. government knowledge. Cindy Domingo was an active member of the Washington State Rainbow Coalition in the 1980s, and served on the boards of the Church Council of Greater Seattle, LELO, and the International Examiner. She has been Board President of the Center for Social Justice and co-chair of U.S. Women & Cuba Collaboration, and currently serves as the Legislative Aide to King County Councilmember Larry Gossett.
=520  2\$aRecords relating to Cindy's activism and work as an officer in several     organizations including Committee for Justice for Domingo and Viernes, Line of     March, and the Union of Democratic Filipinos (In Tagalog: Katipunan ng mga     Demokratikong Pilipino), or KDP, and her time working on the staff of Larry Gossett.
=541  \\$cDonated by:$aCindy Domingo,$dSeptember 2, 2011, October 31, 2011, August 31, 2012, and 2021.
=506  \\$aOpen to all users.  Selected images can be viewed on the Libraries' Digital collections website via finding aid.
=540  \\$aThe creators' literary rights have been transferred to the University of Washington Libraries.
=546  \\$aCollection materials are in English.
=600  10$aDomingo, Cindy$vArchives.
=650  \0$aPolitical activists$zWashington (State)$zSeattle$vArchives.
=650  \0$aHuman rights workers$zWashington (State)$zSeattle$vArchives.
=650  \0$aLabor$zWashington (State)$xHistory$vSources.
=650  \0$aLabor$zPhilippines$xHistory$vSources.
=650  \0$aLabor unions$zWashington (State)$xHistory$vSources.
=650  \0$aLabor movement$zWashington (State)$xHistory$vSources.
=650  \0$aLabor movement$zPhilippines$xHistory$vSources.
=650  \0$aWomen's rights$zWashington (State)$xHistory$vSources.
=650  \0$aFilipino Americans$xHistory$vSources.
=650  \0$aHuman rights$xHistory$vSources.
=651  \0$aPhilippines$xHistory$y1946-1986$vSources.
=651  \0$aPhilippines$xHistory$y1986-$vSources.
=650  \0$aPolitical campaigns$zWashington (State)$xHistory$vSources.
=650  \6$aActivistes$0(CaQQLa)201-0007800$zWashington (État)$0(CaQQLa)201-0394837$zSeattle$0(CaQQLa)201-0394837$vArchives.$0(CaQQLa)201-0378256
=650  \6$aDéfenseurs des droits de l'homme$0(CaQQLa)201-0071411$zWashington (État)$0(CaQQLa)201-0394837$zSeattle$0(CaQQLa)201-0394837$vArchives.$0(CaQQLa)201-0378256
=650  \6$aTravail$0(CaQQLa)201-0093408$zWashington (État)$0(CaQQLa)201-0395184$xHistoire$0(CaQQLa)201-0382350$vSources.$0(CaQQLa)201-0382350
=650  \6$aTravail$0(CaQQLa)201-0093408$zPhilippines$0(CaQQLa)201-0493145$xHistoire$0(CaQQLa)201-0382350$vSources.$0(CaQQLa)201-0382350
=650  \6$aSyndicats$0(CaQQLa)201-0007001$zWashington (État)$0(CaQQLa)201-0395184$xHistoire$0(CaQQLa)201-0382350$vSources.$0(CaQQLa)201-0382350
=650  \6$aMouvement ouvrier$0(CaQQLa)201-0078721$zWashington (État)$0(CaQQLa)201-0395184$xHistoire$0(CaQQLa)201-0382350$vSources.$0(CaQQLa)201-0382350
=650  \6$aMouvement ouvrier$0(CaQQLa)201-0078721$zPhilippines$0(CaQQLa)201-0493145$xHistoire$0(CaQQLa)201-0382350$vSources.$0(CaQQLa)201-0382350
=650  \6$aFemmes$0(CaQQLa)201-0007040$xDroits$0(CaQQLa)201-0007040$zWashington (État)$0(CaQQLa)201-0395184$xHistoire$0(CaQQLa)201-0382350$vSources.$0(CaQQLa)201-0382350
=650  \6$aAméricains d'origine philippine$0(CaQQLa)201-0079090$xHistoire$0(CaQQLa)201-0382350$vSources.$0(CaQQLa)201-0382350
=651  \6$aPhilippines$0(CaQQLa)201-0043039$xHistoire$0(CaQQLa)201-0043039$y1946-1986$0(CaQQLa)201-0043039$vSources.$0(CaQQLa)201-0378222
=651  \6$aPhilippines$0(CaQQLa)201-0158189$xHistoire$0(CaQQLa)201-0158189$y1986-$0(CaQQLa)201-0158189$vSources.$0(CaQQLa)201-0378222
=650  \7$aFilipino Americans.$2fast$0(OCoLC)fst00924194
=650  \7$aHuman rights.$2fast$0(OCoLC)fst00963285
=650  \7$aHuman rights workers.$2fast$0(OCoLC)fst00963353
=650  \7$aLabor.$2fast$0(OCoLC)fst00989798
=650  \7$aLabor movement.$2fast$0(OCoLC)fst00990079
=650  \7$aLabor unions.$2fast$0(OCoLC)fst00990260
=650  \7$aPolitical activists.$2fast$0(OCoLC)fst01069192
=650  \7$aPolitical campaigns.$2fast$0(OCoLC)fst01069212
=650  \7$aWomen's rights.$2fast$0(OCoLC)fst01178818
=651  \7$aPhilippines.$2fast$0(OCoLC)fst01205261
=651  \7$aWashington (State)$2fast$0(OCoLC)fst01204703
=651  \7$aWashington (State)$zSeattle.$2fast$0(OCoLC)fst01204940
=648  \7$aSince 1946$2fast
=655  \2$aLetter$0(DNLM)D016422
=655  \2$aEphemera$0(DNLM)D019502
=655  \2$aPhotograph$0(DNLM)D059036
=655  \7$alegal documents.$2aat$0(CStmoGRI)aatgf300027590
=655  \7$afinancial records.$2aat$0(CStmoGRI)aatgf300027473
=655  \7$anewspaper clippings.$2aat$0(CStmoGRI)aatgf300429554
=655  \7$apress releases.$2aat$0(CStmoGRI)aatgf300026437
=655  \7$acommercial correspondence.$2aat$0(CStmoGRI)aatgf300026914
=655  \7$aprinted ephemera.$2aat$0(CStmoGRI)aatgf300264821
=655  \7$aphotographs.$2aat$0(CStmoGRI)aatgf300046300
=655  \7$aArchives.$2fast$0(OCoLC)fst01423700
=655  \7$aBusiness correspondence.$2fast$0(OCoLC)fst01919897
=655  \7$aEphemera.$2fast$0(OCoLC)fst01919921
=655  \7$aHistory.$2fast$0(OCoLC)fst01411628
=655  \7$aMinutes (Records)$2fast$0(OCoLC)fst01919940
=655  \7$aNewsletters.$2fast$0(OCoLC)fst01919943
=655  \7$aPhotographs.$2fast$0(OCoLC)fst01423689
=655  \7$aPress releases.$2fast$0(OCoLC)fst01726708
=655  \7$aRecords (Documents)$2fast$0(OCoLC)fst01919961
=655  \7$aSources.$2fast$0(OCoLC)fst01423900
=655  \7$aNewsletters.$2lcgft
=655  \7$aPress releases.$2lcgft
=655  \7$aBusiness correspondence.$2lcgft
=655  \7$aEphemera.$2lcgft
=655  \7$aMinutes (Records)$2lcgft
=655  \7$aRecords (Documents)$2lcgft
=655  \7$aPhotographs.$2lcgft
=655  \7$aLettres d'informations.$2rvmgf$0(CaQQLa)RVMGF-000001104
=655  \7$aCommuniqués de presse.$2rvmgf$0(CaQQLa)RVMGF-000001182
=655  \7$aCorrespondance commerciale.$2rvmgf$0(CaQQLa)RVMGF-000001162
=655  \7$aDocuments éphémères.$2rvmgf$0(CaQQLa)RVMGF-000001046
=655  \7$aProcès-verbaux.$2rvmgf$0(CaQQLa)RVMGF-000001222
=655  \7$aDocuments administratifs.$2rvmgf$0(CaQQLa)RVMGF-000001054
=655  \7$aPhotographies.$2rvmgf$0(CaQQLa)RVMGF-000001676
=710  2\$aLabor Archives of Washington,$ecurator.
=856  42$uhttp://archiveswest.orbiscascade.org/ark:/80444/xv09942$zConnect to the finding aid for this collection
=049  \\$aWAUW

