=LDR  01288cpcaa22001813  4500
=001  795928358
=008  120620nuuuuuuuuxx\\\\\\\\\\\\\\\\\\eng\d
=005  20220324195742.9
=040  \\$aWAU$beng$cWAU$dWAU$dOCLCO$dWAU$dOCLCO$dWAU$dOCLCO
=100  1\$aGorman, Robert,$d1953 February 11-
=245  10$aRobert "Bob" Gorman papers,$f1986-1987.
=300  \\$a0.42 cubic feet (1 box)
=520  2\$aNewsclippings, correspondence, subject files, newsletters, and ephemera that Bob Gorman collection during the 1986-1987 Lockheed Shipbuilding Company lockout. Lockheed locked out 13 different local unions affilated with the Metal Trades Council. Part of the collection documents Gorman's work as part of a group to get unemployed benefits for locked out workers by getting legislation passed in the Washington State Legislature that allowed for unemployment benefits from workers locked out of a single employer.
=545  0\$aGorman was a shop steward for the International Brotherhood of Eletrical Workers, Local 46--a maritime electrian's union.
=506  \\$aOpen to all users
=540  \\$aCreator's literary rights transferred to the University of Washington Libraries
=856  42$uhttp://archiveswest.orbiscascade.org/ark:/80444/xv48355$zConnect to the online finding aid for this collection
=049  \\$aWAUW

