=LDR  07093cpcaa2201021 i 4500
=001  710855748
=008  110401i19272008wau\\\\\\\\\\\\\\\\\eng\d
=005  20220621174257.8
=040  \\$aWAU$beng$erda$edacs$cWAU$dWAU$dOCLCQ$dWAU$dOCLCO$dOCLCF$dOCLCO$dWAU
=043  \\$an-us-wa
=046  \\$o1927$p2008$2edtf
=100  1\$aHatten, C. T.$q(Canterbury Theodore),$d1917-2008,$ecreator.
=245  10$aC. T. (Barry) Hatten papers.
=264  \0$c1927-2008, bulk 2008
=300  \\$a2.63 cubic ft.$a(4 boxes)
=336  \\$atext$btxt$2rdacontent
=336  \\$astill image$bsti$2rdacontent
=337  \\$aunmediated$bn$2rdamedia
=338  \\$asheet$bnb$2rdacarrier
=338  \\$avolume$bnc$2rdacarrier
=351  \\$aArranged in 3 accessions: Accession No. 5583-001, C. T. (Barry) Hatten papers, 1934-2008; Accession No. 5583-002, C. T. (Barry) Hatten papers, 1948-1981; Accession No. 5583-003, C. T. (Barry) Hatten papers, 1927-2001.
=386  \\$aWashingtonians (Washington State)$2lcdgt
=386  \\$aAmericans$2lcdgt
=386  \\$aMen$2lcdgt
=386  \\$aLawyers$2lcdgt
=386  \\$aCriminal defense lawyers$2lcdgt
=386  \\$aCivil rights workers$2lcdgt
=520  2\$aCorrespondence, legal briefs and case files (many of them related to the Cannery Workers and Farm Laborers Union Local 7), photographs and drawings, clippings, memorial book. Many of the folders are a mixture between correspondence, news clippings, legal briefs, research material, and notes.
=545  0\$aCanterbury Theodore (Barry) Hatten was born August 24, 1917 in Richview, Indiana and died at his home in Eastsound, Washington, on August 17, 2008. He grew up in the Jessie Lee Home, Seward, Alaska, where his missionary parents managed an orphanage. Despite a childhood case of tuberculosis of the bone in one leg that prevented him from enlisting in World War II, he was a longshoreman in Alaska and San Francisco and worked on the railroad in Alaska. He studied at DePauw University in Indiana and the University of Washington, and practiced union, civil rights, and criminal law for 50 years before retirement. With law partner John Caughlan, he represented labor unions, union activists, the Communist Party, and foreign-born individuals accused of subversive actions. Hatten represented various people called to testify at the Legislative Joint Fact-Finding Committee on Un-American Activities in Washington State (commonly called the Canwell Committee), including fired University of Washington professor Joe Butterworth. Hatten was also one of the defense lawyers in the later court cases for Albert Ottenheimer He longshored in San Francisco during WWII and later in the fifties. and Burton & Florence James (of the Seattle Repertory Playhouse), brother-in-law Ralph Gundlach (a fired UW professor), and Rachmiel Forschmiedt (a Seattle city sanitarian), who had all been convicted of contempt of the Washington Legislature for refusing to testify whether they had ever been members of the Communist Party. Hatten himself had been accused of being an active member of the Party by Moro Jewell during the initial Canwell Committee hearings. Barry was married first to Jean Gundlach, then to Louise Seifert with whom he had two sons, John Barry and Charles Theodore, then to Mary Telford Gibson. Barry Hatten died on August 17, 2008, aged 90.
=506  \\$aOpen to all users.
=540  \\$aCreator's literary rights not transferred to the University of Washington Libraries.
=541  \\$cDonated by:$aMary Gibson Hatten,$dJanuary 21, 2011; July 28, 2011.
=600  10$aHatten, C. T.$q(Canterbury Theodore),$d1917-2008$vArchives.
=650  \0$aLawyers$zWashington (State)$zSeattle$vArchives.
=650  \0$aLabor lawyers$zWashington (State)$zSeattle$vArchives.
=650  \0$aCivil rights$zWashington (State)$zSeattle$xHistory$vSources.
=650  \0$aLabor unions$xPolitical activity$zWashington (State)$zSeattle$xHistory$vSources.
=610  20$aCannery Workers and Farm Laborers Union.$bLocal 7 (Seattle, Wash.)$xHistory$vSources.
=610  20$aInternational Longshoremen's and Warehousemen's Union.$bLocal 37 (Seattle, Wash.)$xHistory$vSources.
=610  27$aCannery Workers and Farm Laborers Union.$bLocal 7 (Seattle, Wash.)$2fast$0(OCoLC)fst01488054
=610  27$aInternational Longshoremen's and Warehousemen's Union.$bLocal 37 (Seattle, Wash.)$2fast$0(OCoLC)fst00629742
=650  \7$aCivil rights.$2fast$0(OCoLC)fst00862627
=650  \7$aLabor lawyers.$2fast$0(OCoLC)fst00990028
=650  \7$aLabor unions$xPolitical activity.$2fast$0(OCoLC)fst00990299
=650  \7$aLawyers.$2fast$0(OCoLC)fst00994346
=651  \7$aWashington (State)$zSeattle.$2fast$0(OCoLC)fst01204940
=655  \2$aLetter$0(DNLM)D016422
=655  \2$aPhotograph$0(DNLM)D059036
=655  \2$aDrawing$0(DNLM)D020472
=655  \2$aEphemera$0(DNLM)D019502
=655  \7$anewspaper clippings.$2aat$0(CStmoGRI)aatgf300429554
=655  \7$aresearch notes.$2aat$0(CStmoGRI)aatgf300265639
=655  \7$afiles (document groupings)$2aat$0(CStmoGRI)aatgf300026942
=655  \7$amemorial books.$2aat$0(CStmoGRI)aatgf300440731
=655  \7$acommercial correspondence.$2aat$0(CStmoGRI)aatgf300026914
=655  \7$abriefs (legal documents)$2aat$0(CStmoGRI)aatgf300027618
=655  \7$afacsimiles (reproductions)$2aat$0(CStmoGRI)aatgf300121391
=655  \7$aphotographs.$2aat$0(CStmoGRI)aatgf300046300
=655  \7$adrawings (visual works)$2aat$0(CStmoGRI)aatgf300033973
=655  \7$aprinted ephemera.$2aat$0(CStmoGRI)aatgf300264821
=655  \7$aArchives.$2fast$0(OCoLC)fst01423700
=655  \7$aBusiness correspondence.$2fast$0(OCoLC)fst01919897
=655  \7$aDrawings.$2fast$0(OCoLC)fst01423718
=655  \7$aEphemera.$2fast$0(OCoLC)fst01919921
=655  \7$aFacsimiles.$2fast$0(OCoLC)fst01411642
=655  \7$aHistory.$2fast$0(OCoLC)fst01411628
=655  \7$aPersonal correspondence.$2fast$0(OCoLC)fst01919948
=655  \7$aPhotographs.$2fast$0(OCoLC)fst01423689
=655  \7$aRecords and briefs.$2fast$0(OCoLC)fst01774301
=655  \7$aRecords (Documents)$2fast$0(OCoLC)fst01919961
=655  \7$aSources.$2fast$0(OCoLC)fst01423900
=655  \7$aPersonal correspondence.$2lcgft
=655  \7$aBusiness correspondence.$2lcgft
=655  \7$aRecords and briefs.$2lcgft
=655  \7$aRecords (Documents)$2lcgft
=655  \7$aFacsimiles.$2lcgft
=655  \7$aPhotographs.$2lcgft
=655  \7$aDrawings.$2lcgft
=655  \7$aEphemera.$2lcgft
=655  \7$aCorrespondance privée.$2rvmgf$0(CaQQLa)RVMGF-000001056
=655  \7$aCorrespondance commerciale.$2rvmgf$0(CaQQLa)RVMGF-000001162
=655  \7$aDocuments administratifs.$2rvmgf$0(CaQQLa)RVMGF-000001054
=655  \7$aFac-similés.$2rvmgf$0(CaQQLa)RVMGF-000000444
=655  \7$aPhotographies.$2rvmgf$0(CaQQLa)RVMGF-000001676
=655  \7$aDessins.$2rvmgf$0(CaQQLa)RVMGF-000001588
=655  \7$aDocuments éphémères.$2rvmgf$0(CaQQLa)RVMGF-000001046
=856  42$uhttp://archiveswest.orbiscascade.org/ark:/80444/xv42459$zConnect to the finding aid for this collection
=049  \\$aWAUW

