=LDR  04426cpc a22007691a 4500
=001  28376364
=008  880718i19351974wau\\\\\\\\\\\\\\\\\eng\d
=005  20230628142153.2
=010  \\$a   88797450 $bms 87001524 
=040  \\$aWaU$beng$eappm$cDLC$dWAU$dOCLCQ$dOCLCG$dOCLCQ$dNUCMC$dWAU$dOCLCO$dOCLCA$dWAU$dOCLCO$dOCLCF$dOCLCQ$dOCLCO$dOCLCQ$dOCLCA$dOCLCQ$dOCL$dOCLCO$dWAU
=043  \\$an-us---$an-us-wa$aa-ph---
=100  1\$aMensalvas, Chris D.,$d-1977.
=245  00$aChris D. Mensalvas papers,$f1935-1974.
=246  3\$aImmigration and Nationality Act (McCarran-Walter Act, 1952)
=246  3\$aMcCarran-Walter Act (Immigration and Nationality Act, 1952)
=300  \\$a250 items
=300  \\$a1 audiocassette
=500  \\$aThe material described in this catalog record is located in the collections of the University of Washington Libraries (Seattle).
=545  \\$aUnion official, of Seattle, Wash.
=520  8\$aCorrespondence, reports, minutes, ephemera, and tape-recorded interview, relating to Mensalvas's activities as an official in International Longshoremen's and Warehousemen's Union Local 37 (Cannery Workers), and his opposition to deportation of Filipinos under the McCarran-Walter Act. Includes material relating to the Philippines consul in Seattle. Persons represented include Carlos Bulosan and Ernesto A. Mangaoang.
=561  \\$aAcquired 1974.
=650  \0$aDeportation$zUnited States.
=650  \0$aFilipinos$zWashington (State)
=650  \0$aLabor unions$xOfficials and employees.
=650  \0$aCannery workers$xLabor unions$zWashington (State)
=650  \0$aConsuls$zWashington (State)
=650  \0$aDiplomatic and consular service.
=650  \0$aEmigration and immigration law$zUnited States.
=650  \0$aNoncitizens$zUnited States.
=650  \0$aDiplomatic and consular service, Philippine$zUnited States.
=600  10$aBulosan, Carlos.
=600  10$aMangaoang, Ernesto A.
=610  20$aInternational Longshoremen's and Warehousemen's Union.$bLocal 37 (Seattle, Wash.)
=610  10$aPhilippines.$bConsulate (Seattle, Wash.)
=610  10$aUnited States.$tImmigration and Nationality Act.
=650  \4$aCannery workers$zWashington (State)
=651  \4$aSeattle (Wash.)$xLabor.
=651  \4$aWashington (State)$xPopulation elements$xFilipinos.
=651  \4$aWashington (State)$xLabor.
=650  \6$aPhilippins$0(CaQQLa)201-0042416$zWashington (État)$0(CaQQLa)201-0395184
=650  \6$aSyndicats$xPersonnel.$0(CaQQLa)201-0053806
=650  \6$aConserveries$0(CaQQLa)201-0185657$xPersonnel$0(CaQQLa)201-0185657$xSyndicats$0(CaQQLa)201-0185657$zWashington (État)$0(CaQQLa)201-0395184
=650  \6$aConsuls$0(CaQQLa)201-0093429$zWashington (État)$0(CaQQLa)201-0395184
=650  \6$aService diplomatique et consulaire.$0(CaQQLa)201-0002393
=650  \6$aImmigrants clandestins$zÉtats-Unis.$0(CaQQLa)000262346
=650  \6$aService diplomatique et consulaire philippin$0(CaQQLa)000326572$zÉtats-Unis.$0(CaQQLa)201-0407727
=600  17$aBulosan, Carlos.$2fast$0(OCoLC)fst00013838
=600  17$aMangaoang, Ernesto A.$2fast$0(OCoLC)fst00208107
=610  27$aInternational Longshoremen's and Warehousemen's Union.$bLocal 37 (Seattle, Wash.)$2fast$0(OCoLC)fst00629742
=610  17$aPhilippines.$bConsulate (Seattle, Wash.)$2fast$0(OCoLC)fst00628633
=630  07$aImmigration and Nationality Act (United States)$2fast$0(OCoLC)fst01362715
=650  \7$aNoncitizens.$2fast$0(OCoLC)fst00805278
=650  \7$aCannery workers$xLabor unions.$2fast$0(OCoLC)fst00845848
=650  \7$aConsuls.$2fast$0(OCoLC)fst00876196
=650  \7$aDeportation.$2fast$0(OCoLC)fst00890840
=650  \7$aDiplomatic and consular service.$2fast$0(OCoLC)fst00894202
=650  \7$aDiplomatic and consular service, Philippine.$2fast$0(OCoLC)fst00894330
=650  \7$aEmigration and immigration law.$2fast$0(OCoLC)fst00908736
=650  \7$aFilipinos.$2fast$0(OCoLC)fst00924213
=650  \7$aLabor unions$xOfficials and employees.$2fast$0(OCoLC)fst00990289
=651  \7$aUnited States.$2fast$0(OCoLC)fst01204155
=651  \7$aWashington (State)$2fast$0(OCoLC)fst01204703
=655  \7$aaudiotapes.$2aat$0(CStmoGRI)aatgf300028653
=655  \7$aInterviews.$2ftamc
=851  \\$aUniversity of Washington Libraries$c(Seattle)
=856  42$uhttps://archiveswest.orbiscascade.org/ark:80444/xv53848$zConnect to the online finding aid for this collection
=049  \\$aWAUW

