=LDR  04867cpcaa2200649 i 4500
=001  949027583
=008  160509i19382011wau\\\\\\\\\\\\\\\\\eng\d
=005  20220802203910.4
=040  \\$aWAU$beng$edacs$erda$cWAU$dWAU$dOCLCA$dOCLCF$dWAU$dOCLCO$dOCL
=046  \\$k1938$l2011
=100  1\$aMiller, Charles Al,$ecreator.
=245  10$aCharles Al Miller papers.
=264  \0$capproximately 1938, 2011 (bulk 1938)
=300  \\$a1$fvertical file
=336  \\$atext$btxt$2rdacontent
=337  \\$aunmediated$bn$2rdamedia
=338  \\$asheet$bnb$2rdacarrier
=386  \\$nnat$aWashingtonians (Washington State)$2lcdgt
=545  0\$aRobert Miller Smith was born in Seattle in 1938, where he lived his entire life. He worked for Boeing and then as a longshoreman/crane operator at the Port of Seattle and was a member of International Longshore and Warehouse Union, Local 19. Robert's grandfather, Charles Al Miller, was a foreman on the Seattle waterfront and a member of the International Longshoreman's Association 38-114. Charles Miller began working on the waterfront around 1907, retired around 1950, and died in 1968.
=520  2\$aThese materials appear to be ephemera collected by Robert Miller from his grandfather, Charles Al Miller, about the International Longshore Association (ILA), precursor union to the International Longshore and Warehouse Union (ILWU). Materials include the March 30, 1938 issue of the "ILA Bulletin" of the Pacific Coast district of the ILA. At this point, almost every former ILA local on the Pacific Coast had affiliated with the ILWU but the Tacoma ILA local. Another flyer published by the Pacific American Shipowners Association titled "Which Flag Do We Fly?" appears to be a critique of the ILWU's progressive leadership, accusing them of being communists. Other materials include two 1938 issues of the "Pacific Coast Longshoreman," a publication edited by Ralph Chaplin and aligned with the anti-Harry Bridges/anti-communist factions of the ILWU and the ILA. Finally, a photograph in the collection is of attendees at a ceremony at the March 2011 dedication of ILWU 23 (Tacoma) cemetery plot, which was part of Local 23's 125th anniversary celebration.
=506  \\$aNo restrictions on access.
=540  \\$aRestrictions may exist on copying, quotation, or publication. Contact University of Washington Libraries Special Collections for details.
=561  \\$aDonated by Ron Magden on behalf of Robert Miller Smith, whose grandfather was Charles Al Miller
=541  \\$cDonated by$aRon Magden$d2011-11-13.
=500  \\$aForms part of the Labor Archives of Washington.
=600  10$aMiller, Charles Al$vArchives.
=610  20$aInternational Longshoremen's and Warehousemen's Union$vArchives.
=650  \0$aLabor unions$zWashington (State)$zSeattle.
=650  \0$aLabor unions$zWashington (State)$zTacoma.
=650  \0$aLabor$zWashington (State)$zSeattle.
=650  \0$aLabor$zWashington (State)$zTacoma.
=650  \0$aLabor movement$zWashington (State)$zSeattle.
=650  \0$aLabor movement$zWashington (State)$zTacoma.
=650  \6$aSyndicats$0(CaQQLa)201-0007001$zWashington (État)$0(CaQQLa)201-0394837$zSeattle.$0(CaQQLa)201-0394837
=650  \6$aSyndicats$0(CaQQLa)201-0007001$zWashington (État)$0(CaQQLa)201-0394825$zTacoma.$0(CaQQLa)201-0394825
=650  \6$aTravail$0(CaQQLa)201-0093408$zWashington (État)$0(CaQQLa)201-0394837$zSeattle.$0(CaQQLa)201-0394837
=650  \6$aTravail$0(CaQQLa)201-0093408$zWashington (État)$0(CaQQLa)201-0394825$zTacoma.$0(CaQQLa)201-0394825
=650  \6$aMouvement ouvrier$0(CaQQLa)201-0078721$zWashington (État)$0(CaQQLa)201-0394837$zSeattle.$0(CaQQLa)201-0394837
=650  \6$aMouvement ouvrier$0(CaQQLa)201-0078721$zWashington (État)$0(CaQQLa)201-0394825$zTacoma.$0(CaQQLa)201-0394825
=610  27$aInternational Longshoremen's and Warehousemen's Union.$2fast$0(OCoLC)fst00535607
=650  \7$aLabor.$2fast$0(OCoLC)fst00989798
=650  \7$aLabor movement.$2fast$0(OCoLC)fst00990079
=650  \7$aLabor unions.$2fast$0(OCoLC)fst00990260
=651  \7$aWashington (State)$zSeattle.$2fast$0(OCoLC)fst01204940
=651  \7$aWashington (State)$zTacoma.$2fast$0(OCoLC)fst01205636
=655  \7$aPhotographs.$2fast$0(OCoLC)fst01423689
=655  \2$aPhotograph$0(DNLM)D059036
=655  \7$aphotographs.$2aat$0(CStmoGRI)aatgf300046300
=655  \7$aArchives.$2fast$0(OCoLC)fst01423700
=655  \7$aNewsletters.$2fast$0(OCoLC)fst01919943
=655  \7$aNewsletters.$2lcgft
=655  \7$aPhotographs.$2lcgft
=655  \7$aLettres d'informations.$2rvmgf$0(CaQQLa)RVMGF-000001104
=655  \7$aPhotographies.$2rvmgf$0(CaQQLa)RVMGF-000001676
=710  2\$aLabor Archives of Washington,$ecurator.
=856  42$uhttp://archiveswest.orbiscascade.org/ark:/80444/xv09622$zConnect to the online finding aid for this collection
=049  \\$aWAUW

