=LDR  01495cpcaa22003133i 4500
=001  904408545
=008  150305s1996\\\\xx\\\\\\\\\\\\\\\\\\eng\d
=005  20230628140945.6
=040  \\$aWAU$beng$edacs$cWAU$dWAU$dOCLCO$dOCLCF$dOCLCO$dWAU
=100  1\$aPitharoulis, Cae,$ecreator.
=245  10$aCae Pitharoulis manuscript and computer discs of "A personal report",$f1996.
=300  \\$a.21 cubic feet$a(1 box)
=520  2\$aOne letter, one manuscript and three floppy discs.
=506  \\$aOpen to all users.
=540  \\$aInformant's/creator's rights dedicated to the public. May be used for research, instruction, publication or similar purposes.
=555  0\$aFinding aid available in the repository and on the World Wide Web.
=600  10$aPitharoulis, Cae$vArchives.
=600  10$aPitharoulis, Cae$vCorrespondence.
=655  \7$amanuscripts (documents)$2aat$0(CStmoGRI)aatgf300028569
=655  \7$afloppy disks.$2aat$0(CStmoGRI)aatgf300028553
=655  \7$aArchives.$2fast$0(OCoLC)fst01423700
=655  \7$aPersonal correspondence.$2fast$0(OCoLC)fst01919948
=655  \7$aRecords (Documents)$2fast$0(OCoLC)fst01919961
=655  \7$aRecords (Documents)$2lcgft
=655  \7$aPersonal correspondence.$2lcgft
=655  \7$aDocuments administratifs.$2rvmgf$0(CaQQLa)RVMGF-000001054
=655  \7$aCorrespondance privée.$2rvmgf$0(CaQQLa)RVMGF-000001056
=856  42$uhttps://archiveswest.orbiscascade.org/ark:80444/xv05441$zConnect to the online finding aid for this collection.
=049  \\$aWAUW

