=LDR  00946cpcaa22001937a 4500
=001  123950974
=008  070503s1976\\\\xx\\\\\\\\\\\\\\\\\\eng\d
=005  20230628141206.4
=040  \\$aWAU$beng$cWAU$dOCLCG$dWAU$dOCLCQ$dOCLCO$dWAU
=100  1\$aSchwantes, Carlos A.,$d1945-
=245  10$aCarlos A. Schwantes papers,$f1976.
=300  \\$aapproximately .17 cubic ft.
=520  \\$aLeft-wing unionism in the Pacific Northwest; comparative history of organized labor and socialist politics in Washington and British Columbia.
=506  \\$aAccess may be restricted. Contact Special Collections for details.
=540  \\$aSome restrictions exist on duplication, quotation, or publication. Contact the repository for details.
=500  \\$aProcessing levels vary. Contact the repository for details.
=740  0\$aAcc2619-001.
=856  42$uhttps://archiveswest.orbiscascade.org/ark:80444/xv55422$zConnect to the online finding aid for this collection.
=049  \\$aWAUW

