=LDR  05644cpc a2200817 i 4500
=001  1076544788
=008  181129i19501971wau\\\\\\\\\\\\\\\\\eng\d
=005  20220624152107.3
=040  \\$aWAU$beng$erda$edacs$cWAU$dOCLCF$dWAU$dOCLCO$dOCLCA$dOCLCO
=046  \\$k1950$l1971$2edtf
=100  1\$aWells, Burt D.,$ecreator.
=245  10$aBurt D. Wells papers
=264  \0$c1950-1971
=300  \\$a3.6$fcubic feet$a(4 boxes)
=336  \\$atext$btxt$2rdacontent
=337  \\$aunmediated$bn$2rdamedia
=338  \\$asheet$bnb$2rdacarrier
=500  \\$aForms a part of the Labor Archives of Washington.
=545  0\$aBurt D. Wells was President of the International Brotherhood of Pulp, Sulphite and Paper Mill Workers (IBPS&PMW) Local 242 in Portland, Oregon. Wells also served as Secretary-Treasurer of the Rank and File Movement for Democratic Action in the late 1950s-early 1960s, a committee formed by members of IBPS&PMW locals in protest of decisions made by the International leadership, including the dismissal of Research and Education Director, George Brooks in 1961. These and similar efforts within paper worker unions across the U.S. and Canada resulted in the establishment of rebel union, the Association of Western Pulp and Paper Workers in 1964 where many dissatisfied members of the IBPS&PMW and United Papermakers and Paperworkers relocated themselves.
=520  2\$aPapers of paper worker union organizer and officer, Burt D. Wells, consisting primarily of records related to his involvement with the Rank and File Movement for Democratic Action and the Association of Western Pulp and Paper Workers, including correspondence, newsletters, legal files, reports, press, and flyers as well as general correspondence and other records related to the International Brotherhood of Pulp Sulphite and Paper Mill Workers and Local 242 in Portland, Oregon. There is considerable overlap of related materials across series and subseries but maintained to respect the arrangement of the materials prior to processing.
=506  1\$aCollection is open for research use but records are stored offsite; advance notice is required for use.
=540  \\$aCreator's copyrights transferred to the University of Washington Libraries Special Collections.
=541  1\$aDonated by Rosa Millo Eyer, originally a part of the John H. Eyer papers (3932-001), 1987-09-14
=544  1\$aRelated materials available in the following collections of this repository:$dJohn H. Eyer papers, 1930-1986.
=500  \\$aFull processing supported by the Labor Archives Fund and the Labor Archives of Washington State Budget.
=524  \\$aLabor Archives of Washington, University of Washington Libraries, Special Collections, Burt D. Wells papers, 6176-001, box number, folder number.
=600  10$aWells, Burt D.$vArchives.
=610  20$aInternational Brotherhood of Pulp, Sulphite, and Paper Mill Workers.
=610  20$aRank and File Movement for Democratic Action.
=650  \0$aLabor unions$zOregon.
=650  \0$aLabor union members$zOregon.
=650  \0$aLabor unions$zOregon$xOfficials and employees.
=650  \0$aLabor$zOregon.
=650  \0$aLabor movement$zOregon.
=650  \6$aSyndicats$0(CaQQLa)201-0007001$zOregon.$0(CaQQLa)201-0460845
=650  \6$aSyndiqués$0(CaQQLa)201-0268551$zOregon.$0(CaQQLa)201-0460845
=650  \6$aSyndicats$0(CaQQLa)201-0053806$zOregon$0(CaQQLa)201-0460845$xPersonnel.$0(CaQQLa)201-0053806
=650  \6$aTravail$0(CaQQLa)201-0093408$zOregon.$0(CaQQLa)201-0460845
=650  \6$aMouvement ouvrier$0(CaQQLa)201-0078721$zOregon.$0(CaQQLa)201-0460845
=610  27$aInternational Brotherhood of Pulp, Sulphite, and Paper Mill Workers.$2fast$0(OCoLC)fst00583107
=610  27$aRank and File Movement for Democratic Action.$2fast$0(OCoLC)fst01488047
=650  \7$aLabor.$2fast$0(OCoLC)fst00989798
=650  \7$aLabor movement.$2fast$0(OCoLC)fst00990079
=650  \7$aLabor union members.$2fast$0(OCoLC)fst00990256
=650  \7$aLabor unions.$2fast$0(OCoLC)fst00990260
=650  \7$aLabor unions$xOfficials and employees.$2fast$0(OCoLC)fst00990289
=651  \7$aOregon.$2fast$0(OCoLC)fst01204579
=655  \7$abusiness records.$2aat$0(CStmoGRI)aatgf300141693
=655  \7$arecords (documents)$2aat$0(CStmoGRI)aatgf300026685
=655  \7$apersonal correspondence.$2aat$0(CStmoGRI)aatgf300048730
=655  \7$aletters (correspondence)$2aat$0(CStmoGRI)aatgf300026879
=655  \7$anews bulletins.$2aat$0(CStmoGRI)aatgf300026435
=655  \7$anewsletters.$2aat$0(CStmoGRI)aatgf300026652
=655  \7$aprinted ephemera.$2aat$0(CStmoGRI)aatgf300264821
=655  \7$aArchives.$2fast$0(OCoLC)fst01423700
=655  \7$aEphemera.$2fast$0(OCoLC)fst01919921
=655  \7$aNewsletters.$2fast$0(OCoLC)fst01919943
=655  \7$aPersonal correspondence.$2fast$0(OCoLC)fst01919948
=655  \7$aRecords (Documents)$2fast$0(OCoLC)fst01919961
=655  \7$aRecords (Documents)$2lcgft
=655  \7$aPersonal correspondence.$2lcgft
=655  \7$aNewsletters.$2lcgft
=655  \7$aEphemera.$2lcgft
=655  \7$aDocuments administratifs.$2rvmgf$0(CaQQLa)RVMGF-000001054
=655  \7$aCorrespondance privée.$2rvmgf$0(CaQQLa)RVMGF-000001056
=655  \7$aLettres d'informations.$2rvmgf$0(CaQQLa)RVMGF-000001104
=655  \7$aDocuments éphémères.$2rvmgf$0(CaQQLa)RVMGF-000001046
=700  1\$iComplemented by (work):$aEyer, John H.,$d-1986.$tJohn H. Eyer papers, 1930-1986.
=710  2\$aLabor Archives of Washington,$ecurator.
=856  42$uhttp://archiveswest.orbiscascade.org/ark:/80444/xv43463$zConnect to the online finding aid for this collection.
=049  \\$aWAUW

