=LDR  03399cpcaa2200517 i 4500
=001  819652021
=008  121129i19791998wau\\\\\\\\\\\\\\\\\eng\d
=005  20220507161700.8
=040  \\$aWAU$beng$erda$edacs$cWAU$dWAU$dOCLCO$dWAU$dOCLCO$dOCLCF$dOCLCO
=046  \\$o1979$p1998$2edtf
=100  1\$aCastle, Del,$d1915-2006,$ecreator.
=245  10$aDel Castle papers.
=264  \0$c1979-1998
=300  \\$a0.21$fcubic feet$a(1 box)
=336  \\$atext$btxt$2rdacontent
=337  \\$aunmediated$bn$2rdamedia
=338  \\$asheet$bnb$2rdacarrier
=386  \\$aMen$2lcdgt
=386  \\$aActivists$2lcdgt
=386  \\$aWashingtonians (Washington State)$2lcdgt
=520  2\$aWritings by Del Castle, including reports, papers, drafts of articles and book chapters, and a letter to David Olson, Harry Bridges Chair in Labor Studies at the University of Washington
=545  0\$aCastle (1915-2006) was a labor activist, union officer and member. Born in Spokane, Washington, Castle graduated from Broadview High School in Seattle and the University of Washington but worked mainly in blue collar jobs like lumber mills, railroad yards, steelmills, shipyards and longshoring. Castle first became a labor organizer in the 1930s. In 1942 he was elected secretary of the Shipscaler's Union. After WWII, he organized lumberworkers and was active in anti-war movements. In 1957, Del became a longshoreman, joining ILWU, Local 19. He served on the Executive Board from 1963 until he retired in 1980. Following his retirement, he served as editor of the Rusty Hook, a newsletter for retired longshore workers, until, at age 89, he felt it was time to step down.
=506  \\$aOpen to all users.
=540  \\$aCreator's literary rights transferred to the University of Washington Libraries.
=541  \\$cDonor:$aMichelle Drayton,$dNovembe 21, 2012.
=600  10$aCastle, Del,$d1915-2006$vArchives.
=600  10$aCastle, Del,$d1915-2006$vCorrespondence.
=650  \0$aLabor unions$xOrganizing$zWashington (State)$xHistory$vSources.
=650  \0$aPeace movements$zWashington (State)$xHistory$vSources.
=650  \0$aPacifists$zWashington (State)$xHistory$vSources.
=650  \6$aSyndicalisation$0(CaQQLa)201-0121736$zWashington (État)$0(CaQQLa)201-0395184$xHistoire$0(CaQQLa)201-0382350$vSources.$0(CaQQLa)201-0382350
=650  \6$aMouvements pacifistes$0(CaQQLa)201-0107476$zWashington (État)$0(CaQQLa)201-0395184$xHistoire$0(CaQQLa)201-0382350$vSources.$0(CaQQLa)201-0382350
=650  \6$aPacifistes$0(CaQQLa)201-0079275$zWashington (État)$0(CaQQLa)201-0395184$xHistoire$0(CaQQLa)201-0382350$vSources.$0(CaQQLa)201-0382350
=650  \7$aLabor unions$xOrganizing.$2fast$0(OCoLC)fst00990296
=650  \7$aPacifists.$2fast$0(OCoLC)fst01050133
=650  \7$aPeace movements.$2fast$0(OCoLC)fst01055858
=651  \7$aWashington (State)$2fast$0(OCoLC)fst01204703
=655  \7$areports.$2aat$0(CStmoGRI)aatgf300027267
=655  \7$aArchives.$2fast$0(OCoLC)fst01423700
=655  \7$aHistory.$2fast$0(OCoLC)fst01411628
=655  \7$aPersonal correspondence.$2fast$0(OCoLC)fst01919948
=655  \7$aSources.$2fast$0(OCoLC)fst01423900
=655  \7$aPersonal correspondence.$2lcgft
=655  \7$aCorrespondance privée.$2rvmgf$0(CaQQLa)RVMGF-000001056
=856  42$uhttp://archiveswest.orbiscascade.org/ark:/80444/xv67352$zConnect to the online finding aid for this collection
=049  \\$aWAUW

