=LDR  01247cpc a22002173  4500
=001  123949828
=008  070503s1972\\\\xx\\\\\\\\\\\\\\\\\\eng\d
=005  20230628142339.0
=040  \\$aWAU$beng$cWAU$dWAU$dOCLCQ$dWAU
=110  2\$aCitizens' Committee for the Preservation of Payrolls.
=245  10$aCitizens' Committee for the Preservation of Payrolls records,$f1972.
=300  \\$aapproximately 2.92 cubic ft
=336  \\$atext$btxt$2rdacontent
=337  \\$aunmediated$bn$2rdamedia
=520  2\$aMaterials concerning opposition to Initiative 198, a right-to-work initiative; 2 items of ephemera.
=506  \\$aAccess may be restricted. Contact Special Collections for details.
=540  \\$aSome restrictions exist on duplication, quotation, or publication. Contact the repository for details.
=500  \\$aProcessing levels vary. Contact the repository for details.
=545  0\$aGroup formed for political reasons. 1956-1958. This group was formed by the Joint Council of Teamsters no. 28 in opposition to the Initiative 198 (1956), and Initiative 202 (1958), right to work initiatives in the state of Washington.
=856  42$uhttps://archiveswest.orbiscascade.org/ark:80444/xv50079$zConnect to the online finding aid for this collection
=049  \\$aWAUW

