=LDR  01247cpc a22002053  4500
=001  123949688
=008  070503i19341978xx\\\\\\\\\\\\\\\\\\eng\d
=005  20230628142611.8
=040  \\$aWAU$beng$cWAU$dWAU$dOCLCQ$dWAU$dOCLCO$dWAU
=100  1\$aDeal, Clyde W.,$d1888-1978.
=245  10$aClyde W. Deal papers,$f1934-1978.
=300  \\$aapproximately 2.83 cubic ft
=520  2\$aCorrespondence, speeches and writings, including an autobiography, tape recorded interviews and transcripts, photographs, newsletters reports 1934-1973 relating to Deal's personal life and activities as founder of the Inlandboatmen's Union of the Pacific; correspondence, mediation files, agreements and reports, 1939-1978; relating to Deal's work for the Federal Mediation and Conciliation Service.
=506  \\$aOpen to all users.
=540  \\$aSome restrictions exist on duplication, quotation, or publication. Contact the repository for details.
=500  \\$aProcessing levels vary. Contact the repository for details.
=545  0\$aLabor union leader, public official.
=555  \\$aFinding aid in the repository and on the world wide web.
=856  42$uhttps://archiveswest.orbiscascade.org/ark:80444/xv89987$zConnect to the online finding aid for this collection
=049  \\$aWAUW

