=LDR  04213cpc a22005657i 4500
=001  1029565113
=008  180326i18882017xx\\\\\\\\\\\\\\\\\\eng\d
=005  20220318072803.6
=040  \\$aWAU$beng$edacs$erda$cWAU$dOCLCF$dOCL$dWAU$dOCLCO$dOCLCQ$dOCLCO
=043  \\$an-us---
=046  \\$k1932$l1935$2edtf
=110  2\$aDeep Sea Fishermen's Union of the Pacific,$ecreator.
=245  10$aDeep Sea Fishermen's Union of the Pacific records.
=264  \0$c1888-2017
=300  \\$a10.82$fcubic feet$a(13 boxes)
=336  \\$atext$btxt$2rdacontent
=336  \\$athree-dimensional form$btdf$2rdacontent
=337  \\$aunmediated$bn$2rdamedia
=338  \\$asheet$bnb$2rdacarrier
=338  \\$aobject$bnr$2rdacarrier
=500  \\$aForms a part of the Labor Archives of Washington.
=545  0\$aThe Deep Sea Fishermen's Union was established in November 1912 to represent the interests of fishermen, many of whom worked aboard boats owned by others. Fishing was and continues to be a very dangerous occupation. Workers formed unions to help mitigate the risks of this dangerous occupation and to ensure that they were paid fairly by the vessel owners. The union represents long-line fishermen, those who use fishing lines and hooks to obtain their catch as opposed to dragging nets behind a vessel. Over its history, the DFSU has been active in the management of the halibut fishery, and were among the groups that helped to establish the International Pacific Halibut Commission in the 1920s. The union has advocated and helped establish programs of conservation and fleet management through government and self-regulation. In the wake of the establishment of a 200-mile offshore fishing limit in 1976, the DFSU continues to be active in that process of fishing and conservation. Because of this model, the union has evolved to an organization that is not only the collective bargaining agent of workers in relation to ship owners, but a body that lobbies for legislation and policies that are in the interest of its members.
=520  2\$aFinancial records, meeting minutes, correspondence, collective bargaining records, administrative files and subject files on issues facing the union and its members. Records also include materials collected for the publication of the book "One hook at a time," a history of the union published in 2014. Records include those of the Deep Sea Fishermen's Building Association, which holds title to the organization's Ballard union hall. Minute books and two embroidered patches with union logo.
=506  1\$aNo restrictions on access.
=540  \\$aCreator's copyrights transferred to the University of Washington Libraries Special Collections.
=541  \\$d2017-08-09
=561  \\$aCentennial history book "One Hook at a Time" was removed from the collection and added to the Special Collections noncirculating collection.
=610  20$aDeep Sea Fishermen's Union of the Pacific$vArchives.
=650  \0$aLabor unions$zUnited States.
=650  \0$aLabor$zUnited States.
=650  \0$aLabor movement$zUnited States.
=650  \6$aTravail$0(CaQQLa)201-0093408$zÉtats-Unis.$0(CaQQLa)201-0407727
=650  \6$aMouvement ouvrier$0(CaQQLa)201-0078721$zÉtats-Unis.$0(CaQQLa)201-0407727
=610  27$aDeep Sea Fishermen's Union of the Pacific.$2fast$0(OCoLC)fst01996164
=650  \7$aLabor.$2fast$0(OCoLC)fst00989798
=650  \7$aLabor movement.$2fast$0(OCoLC)fst00990079
=650  \7$aLabor unions.$2fast$0(OCoLC)fst00990260
=651  \7$aUnited States.$2fast$0(OCoLC)fst01204155
=655  \2$aEphemera$0(DNLM)D019502
=655  \7$aprinted ephemera.$2aat$0(CStmoGRI)aatgf300264821
=655  \7$aArchives.$2fast$0(OCoLC)fst01423700
=655  \7$aEphemera.$2fast$0(OCoLC)fst01919921
=655  \7$aMinutes (Records)$2fast$0(OCoLC)fst01919940
=655  \7$aMinutes (Records)$2lcgft
=655  \7$aEphemera.$2lcgft
=655  \7$aProcès-verbaux.$2rvmgf$0(CaQQLa)RVMGF-000001222
=655  \7$aDocuments éphémères.$2rvmgf$0(CaQQLa)RVMGF-000001046
=710  2\$aLabor Archives of Washington,$ecurator.
=856  42$uhttp://archiveswest.orbiscascade.org/ark:/80444/xv00756$zConnect to the online finding aid for this collection.
=049  \\$aWAUW

