=LDR  04141cpcaa22007337i 4500
=001  1119732107
=008  190918i19161999xxu\\\\\\\\\\\\\\\\\eng\d
=005  20220807142731.2
=040  \\$aWAU$beng$erda$edacs$cWAU$dWAU$dOCLCF$dWAU$dOCL$dWAU$dOCLCO$dWAU$dOCLCO$dOCLCQ$dOCLCO$dWAU$dOCL
=043  \\$an-us-wa
=046  \\$o1916$p1999$2edtf
=100  1\$aFrank, Dana,$ecompiler.
=245  10$aDana Frank papers.
=264  \0$c1916-1999.
=300  \\$a5.57 cubic feet (8 boxes plus 1 oversize vertical file)
=336  \\$atext$btxt$2rdacontent
=337  \\$aunmediated$bn$2rdamedia
=338  \\$asheet$bnb$2rdacarrier
=386  \\$aWomen$2lcdgt
=386  \\$aHistorians$2lcdgt
=386  \\$aUniversity and college faculty members$2lcdgt
=541  \\$cDonated by:$aDana Frank$d1995 and 2021.
=545  0\$aDana Frank is a professor of history at the University of California, Santa Cruz. Frank used the University of Washington's Special Collections in researching her book Purchasing Power. Frank is also an expert on human rights and U.S. policy in Honduras.
=520  2\$aResearch files including clippings, photocopies, photographs, original materials and ephemera collected and donated by historian Dana Frank. Includes materials related to the history of Seattle labor and women's activism.
=500  \\$aForms part of the Labor Archives of Washington.
=506  \\$aNo restrictions on access except audio tape which requires advanced notice to access.
=540  \\$aCreator's copyrights transferred to the University of Washington Libraries Special Collections.
=546  \\$aCollection materials are in English.
=630  00$aWoman statist (Burlington, Wash.)
=610  20$aLaundry Workers Union.$bLocal 24 (Seattle, Wash.)
=610  20$aAssociated Industries of Seattle.
=650  \0$aLabor$zWashington (State)$xHistory$vSources.
=650  \0$aLabor unions$zWashington (State)$xHistory$vSources.
=650  \0$aLabor movement$zWashington (State)$xHistory$vSources.
=650  \0$aOpen and closed shop$zWashington (State)$xHistory$vSources.
=650  \6$aTravail$0(CaQQLa)201-0093408$zWashington (État)$0(CaQQLa)201-0395184$xHistoire$0(CaQQLa)201-0382350$vSources.$0(CaQQLa)201-0382350
=650  \6$aSyndicats$0(CaQQLa)201-0007001$zWashington (État)$0(CaQQLa)201-0395184$xHistoire$0(CaQQLa)201-0382350$vSources.$0(CaQQLa)201-0382350
=650  \6$aMouvement ouvrier$0(CaQQLa)201-0078721$zWashington (État)$0(CaQQLa)201-0395184$xHistoire$0(CaQQLa)201-0382350$vSources.$0(CaQQLa)201-0382350
=650  \6$aAtelier ouvert et fermé$0(CaQQLa)201-0063428$zWashington (État)$0(CaQQLa)201-0395184$xHistoire$0(CaQQLa)201-0382350$vSources.$0(CaQQLa)201-0382350
=650  \7$aLabor.$2fast$0(OCoLC)fst00989798
=650  \7$aLabor movement.$2fast$0(OCoLC)fst00990079
=650  \7$aLabor unions.$2fast$0(OCoLC)fst00990260
=650  \7$aOpen and closed shop.$2fast$0(OCoLC)fst01046058
=651  \7$aWashington (State)$2fast$0(OCoLC)fst01204703
=655  \7$aEphemera.$2fast$0(OCoLC)fst01919921
=655  \2$aEphemera$0(DNLM)D019502
=655  \2$aPeriodical$0(DNLM)D020492
=655  \7$amembership cards.$2aat$0(CStmoGRI)aatgf300255378
=655  \7$aprinted ephemera.$2aat$0(CStmoGRI)aatgf300264821
=655  \7$anewspapers.$2aat$0(CStmoGRI)aatgf300026656
=655  \7$aSources.$2fast$0(OCoLC)fst01423900
=655  \7$aHistory.$2fast$0(OCoLC)fst01411628
=655  \7$aCharters and articles of incorporation.$2fast$0(OCoLC)fst01774239
=655  \7$aNewspapers.$2fast$0(OCoLC)fst01423814
=655  \7$aCharters and articles of incorporation.$2lcgft
=655  \7$aNewspapers.$2lcgft
=655  \7$aEphemera.$2lcgft
=655  \7$aDocuments éphémères.$2rvmgf$0(CaQQLa)RVMGF-000001046
=655  \7$aChartes et statuts constitutifs.$2rvmgf$0(CaQQLa)RVMGF-000001471
=655  \7$aJournaux.$2rvmgf$0(CaQQLa)RVMGF-000001103
=700  1\$iRelated (work):$aFrank, Dana.$tPurchasing power.
=710  2\$aLabor Archives of Washington,$ecurator.
=856  42$uhttp://archiveswest.orbiscascade.org/ark:/80444/xv191863$zConnect to the online finding aid for this collection
=049  \\$aWAUW

