=LDR  09152cpcaa22009371i 4500
=001  28409874
=008  880729i19051998wau\\\\\\\\\\\\\\\\\eng\d
=005  20221228161753.9
=010  \\$a   88797750 $bms 87001263 
=040  \\$aWaU$beng$erda$edacs$cDLC$dWAU$dOCLCO$dWAU$dOCLCF$dWAU$dOCLCA$dWAU$dOCLCQ$dWAU$dOCL$dOCLCA$dWAU$dOCLCA$dWAU$dOCLCO$dOCL$dWAU$dOCLCO$dWAU
=019  \\$a123952639
=043  \\$an-us---
=046  \\$k1905$l1998$2edtf
=100  1\$aFraser, Clara,$d1923-1998,$ecreator,$einterviewee.
=245  10$aClara Fraser papers.
=264  \0$c1905-1998
=300  \\$a38.07$fcubic ft.$a(41 boxes plus 1 audiocassette)
=336  \\$atext$btxt$2rdacontent
=336  \\$aspoken word$bspw$2rdacontent
=337  \\$aunmediated$bn$2rdamedia
=337  \\$aaudio$bs$2rdamedia
=338  \\$asheet$bnb$2rdacarrier
=338  \\$aaudiocassette$bss$2rdacarrier
=520  2\$aMaterials include correspondence, newsletters, press releases, and newspaper articles relating to the activities surrounding the lawsuit Clara Fraser vs. City Light and an oral history interview with Fraser by Charlotte McAllister (1970). Also included are pamphlets and booklets regarding radicalism, industrial unionism, anarchism, anarcho-syndicalism, Marxism, socialism, feminism, anti-war efforts, and anti-capitalism collected by Fraser (1905-1949). Personal papers include educational records; family memorabilia; calendars and diaries; and correspondence, as well as materials about cultural events that illustrate Fraser's wide range of interests.
=545  0\$aClara Fraser was born Clara Doris Goodman in Los Angeles on March 12, 1923 to Russian-Jewish immigrant parents, Samuel and Emma Goodman. Her father was an anarchist and her mother worked in the garment industry. She grew up in a multi-racial neighborhood, the East Side ghetto of Los Angeles, which Fraser described as a very poor, but highly political environment. While in junior high school in the 1930s, Clara joined the Young People's Socialist League, prompted by the despair of the Great Depression. In 1939 to 1945, Fraser attended UCLA and graduated with degrees in literature, education, and drama. She then joined the Trotskyist Socialist Workers Party in 1945. After marrying at the age of 18, she and her first husband, Frank Krasnowsky, moved to Chicago. They then moved to Seattle to organize a Socialist Workers Party during the post-war era. Working as an assembly line electrician at Boeing, Fraser participated in the Boeing Strike of 1948. During the 1950s and 1960s, Fraser was very active in labor socialist politics. She worked vigorously to end racial segregation and the Vietnam War. She also supported women's rights. In 1966 when the Seattle branch of the Socialist Workers Party left the organization, Fraser helped form the Freedom Socialist Party. Fraser and other feminists began a Free University of Seattle class titled "Marx and the Women's Question" which was the beginning of the Women's Studies Program at the University of Washington. Soon after, she joined the original Seattle Opportunities Industrialization Center (SOIC) and CEP, the job training arms of the anti-poverty program. She became a consultant on feminism and race relations for many public agencies. In 1967, Fraser, along with Gloria Martin and the young women of the New Left, founded Radical Women. Radical Women worked with and supported African American anti-poverty programs, Native American fishing rights, and Asian American protests for low-income housing. After being fired from SOIC, Seattle City Light hired Fraser in 1973 as an education coordinator of the Electrical Trades Trainee Program for women. On July 11, 1975, Seattle City Light fired her, claiming that her dismissal was due to budgetary cuts. The Seattle Department of Human Rights, directed under Vivian L. Caver, a black woman civil rights and political activist, found that Fraser was discriminated because of her public affiliation with the Feminist Coordinating Council, Radical Women, and the Freedom Socialist Party. When the workers of Seattle City Light rose up against Superintendent Gordon Vickery, director of the agency, in 1974, Fraser was the leading critic and spokesperson for the massive employee walkout. She then became involved with a recall campaign against Mayor Wes Uhlman. A legendary case not only in Seattle but across the nation, Fraser garnered broad support from local and national labor, feminist, gay, and labor unions, women's groups, the LGBT community, and minority groups including the Black Panther Party chapters in Los Angeles and Seattle, the Native American Rights Advocate, and the Asian Law Association. In 1981, the court ruled in favor of Fraser, upholding protection for employees against sex and political discrimination. Seattle City Light was ordered to award her {dollar}135,265.00 in back pay, damages, and interests, reinstatement of her retirement account, social security contributions, and restoration of sick leave, dental and vacation benefits. Fraser died on February 24, 1998 in Seattle, Washington.
=506  \\$aNo restrictions on access for paper-based materials. No user access copy is currently available for sound and video cassettes. Users may obtain a reproduction of the media for a fee by contacting Special Collections. As of May 2022 potions of the collection are being processed and may not be accessible for research or may require mediated access. Please contact Special Collections for more information.
=540  \\$aCopyrights retained by creator. Contact University of Washington Libraries Special Collections for details.
=541  \\$aRadical pamphlets: Gift of Mr. and Mrs. Fraser, 1964; Clara Fraser Defense Committee materials received from the Committee: June 1981 and April 1986; Tape-recorded interview: Gift of Clara Fraser, 1995.
=561  \\$a3187-002 is the result of the merger of accessions 3187-001, 1381-001, and 0500-001 in 2017. An additional interview with Clara Fraser can be found in the Gary Greaves Seattle History Interviews, Manuscript Collection 5815.
=600  10$aFraser, Clara,$d1923-1998$vArchives.
=610  20$aSeattle City Light$xTrials, litigation, etc.
=610  20$aCommunist Party of the United States of America.
=610  20$aIndustrial Workers of the World.
=610  20$aSocialist Workers Party.
=610  20$aRadical Women.
=650  \0$aLabor movement$zUnited States.
=650  \0$aRadicalism.
=650  \0$aSocialist parties$zUnited States.
=650  \0$aPolitical parties$zUnited States.
=650  \6$aMouvement ouvrier$0(CaQQLa)201-0078721$zÉtats-Unis.$0(CaQQLa)201-0407727
=650  \6$aRadicalisme.$0(CaQQLa)201-0008002
=650  \6$aPartis socialistes$0(CaQQLa)201-0016079$zÉtats-Unis.$0(CaQQLa)201-0407727
=650  \7$aradicalism.$2aat$0(CStmoGRI)aat300055798
=600  17$aFraser, Clara,$d1923-1998$2fast$0(OCoLC)fst00206952
=610  27$aRadical Women.$2fast$0(OCoLC)fst00630239
=610  27$aCommunist Party of the United States of America.$2fast$0(OCoLC)fst00531336
=610  27$aIndustrial Workers of the World.$2fast$0(OCoLC)fst00545991
=610  27$aSeattle City Light.$2fast$0(OCoLC)fst00685373
=610  27$aSocialist Workers Party.$2fast$0(OCoLC)fst00533530
=650  \7$aLabor movement.$2fast$0(OCoLC)fst00990079
=650  \7$aPolitical parties.$2fast$0(OCoLC)fst01069410
=650  \7$aRadicalism.$2fast$0(OCoLC)fst01087015
=650  \7$aSocialist parties.$2fast$0(OCoLC)fst01123730
=651  \7$aUnited States.$2fast$0(OCoLC)fst01204155
=655  \2$aEphemera$0(DNLM)D019502
=655  \7$aprinted ephemera.$2aat$0(CStmoGRI)aatgf300264821
=655  \7$aoral histories (literary works)$2aat$0(CStmoGRI)aatgf300202595
=655  \7$asound recordings.$2aat$0(CStmoGRI)aatgf300028633
=655  \7$aArchives.$2fast$0(OCoLC)fst01423700
=655  \7$aEphemera.$2fast$0(OCoLC)fst01919921
=655  \7$aNewsletters.$2fast$0(OCoLC)fst01919943
=655  \7$aOral histories.$2fast$0(OCoLC)fst01726295
=655  \7$aPersonal correspondence.$2fast$0(OCoLC)fst01919948
=655  \7$aRecords (Documents)$2fast$0(OCoLC)fst01919961
=655  \7$aSound recordings.$2fast$0(OCoLC)fst01411639
=655  \7$aTrials, litigation, etc.$2fast$0(OCoLC)fst01423712
=655  \7$aRecords (Documents)$2lcgft
=655  \7$aEphemera.$2lcgft
=655  \7$aPersonal correspondence.$2lcgft
=655  \7$aNewsletters.$2lcgft
=655  \7$aOral histories.$2lcgft
=655  \7$aSound recordings.$2lcgft
=655  \7$aDocuments administratifs.$2rvmgf$0(CaQQLa)RVMGF-000001054
=655  \7$aDocuments éphémères.$2rvmgf$0(CaQQLa)RVMGF-000001046
=655  \7$aCorrespondance privée.$2rvmgf$0(CaQQLa)RVMGF-000001056
=655  \7$aLettres d'informations.$2rvmgf$0(CaQQLa)RVMGF-000001104
=655  \7$aHistoires orales.$2rvmgf$0(CaQQLa)RVMGF-000312406
=655  \7$aEnregistrements sonores.$2rvmgf$0(CaQQLa)RVMGF-000000201
=851  \\$aUniversity of Washington Libraries$c(Seattle)
=856  42$uhttp://archiveswest.orbiscascade.org/ark:/80444/xv56640$zConnect to the online finding aid for this collection.
=049  \\$aWAUW

