=LDR  05437cpcaa2200817 i 4500
=001  123954581
=008  070503i19202013wau\\\\\\\\\\\\\\\\\eng\d
=005  20220622171947.1
=040  \\$aWAU$beng$edacs$erda$cWAU$dOCLCQ$dWAU$dOCLCF$dWAU$dOCLCO
=046  \\$o1920$p2013$2edtf
=100  1\$aKeller, David$q(David E.),$ecreator.
=245  10$aDavid Keller papers.
=264  \0$c1920-2013 (bulk 1995-2010)
=300  \\$a5.34$fcubic feet$a(5 boxes)
=336  \\$aspoken word$bspw$2rdacontent
=336  \\$atext$btxt$2rdacontent
=337  \\$aaudio$bs$2rdamedia
=337  \\$aunmediated$bn$2rdamedia
=338  \\$aaudiocassette$bss$2rdacarrier
=338  \\$asheet$bnb$2rdacarrier
=500  \\$aForms a part of the Labor Archives of Washington.
=520  2\$aMaterials include research files created by David Keller during his research for "The Blue Note: Seattle's Black Musicians' Union, A Pictorial History" and his MA thesis "Seattle's Segregated Musician's Union, Local 493, 1918-1956" about the American Federation of Musicians (AFM) Local 493 in Seattle, Washington. Research files include photographic prints and negatives; photocopies of photographs; sound recordings from interviews with musicians and informants; correspondence; brochures; fliers; interview transcriptions, notes, and release forms; notes and notebooks; news articles; and essays. Materials also include sound recordings of oral history interviews conducted by Keller, including interviews with jazz musicians Ernie Hatfield and Al Smith, as well as actor and director Douglas Q. Barnett. Also included are marketing and sales records for "The Blue Note" as well as various drafts of the manuscript.
=506  1\$aAccession 5321-001 is open to all users. Some materials in Accession 5321-002 exist in a format that is inaccessible to researchers. See additional details for Accession 5321-002 listed in finding aid.
=540  \\$aSome restrictions exist on duplication, quotation, or publication. Contact the repository for details.
=500  \\$aProcessing levels vary. Contact the repository for details.
=545  0\$aDavid Keller is an archivist and historian of jazz and labor history. He is the co-author of "There and Back: The Roy Porter Story" and has written for DownBeat, Jazz Times, COLUMBIA, and BlackPast.org.
=541  \\$aDonated by David Keller, November 2001 and February 2018.
=600  10$aKeller, David$q(David E.)$vArchives.
=610  20$aAmerican Federation of Musicians.$bUnion Local 493 (Seattle, Wash.)
=650  \0$aSegregation$zWashington (State)$zSeattle.
=650  \0$aAfrican American musicians$zWashington (State)$zSeattle.
=650  \0$aLabor unions$zWashington (State)$zSeattle.
=650  \0$aLabor union members$zWashington (State)$zSeattle.
=650  \0$aLabor$zWashington (State)$zSeattle.
=650  \0$aLabor movement$zWashington (State)$zSeattle.
=650  \6$aSégrégation$0(CaQQLa)201-0014846$zWashington (État)$0(CaQQLa)201-0394837$zSeattle.$0(CaQQLa)201-0394837
=650  \6$aMusiciens noirs américains$0(CaQQLa)201-0019506$zWashington (État)$0(CaQQLa)201-0394837$zSeattle.$0(CaQQLa)201-0394837
=650  \6$aSyndicats$0(CaQQLa)201-0007001$zWashington (État)$0(CaQQLa)201-0394837$zSeattle.$0(CaQQLa)201-0394837
=650  \6$aSyndiqués$0(CaQQLa)201-0268551$zWashington (État)$0(CaQQLa)201-0394837$zSeattle.$0(CaQQLa)201-0394837
=650  \6$aTravail$0(CaQQLa)201-0093408$zWashington (État)$0(CaQQLa)201-0394837$zSeattle.$0(CaQQLa)201-0394837
=650  \6$aMouvement ouvrier$0(CaQQLa)201-0078721$zWashington (État)$0(CaQQLa)201-0394837$zSeattle.$0(CaQQLa)201-0394837
=650  \7$aAfrican American musicians.$2fast$0(OCoLC)fst00799273
=650  \7$aLabor.$2fast$0(OCoLC)fst00989798
=650  \7$aLabor movement.$2fast$0(OCoLC)fst00990079
=650  \7$aLabor union members.$2fast$0(OCoLC)fst00990256
=650  \7$aLabor unions.$2fast$0(OCoLC)fst00990260
=650  \7$aSegregation.$2fast$0(OCoLC)fst01111205
=651  \7$aWashington (State)$zSeattle.$2fast$0(OCoLC)fst01204940
=655  \7$arecords (documents)$2aat$0(CStmoGRI)aatgf300026685
=655  \7$abusiness records.$2aat$0(CStmoGRI)aatgf300141693
=655  \7$aletters (correspondence)$2aat$0(CStmoGRI)aatgf300026879
=655  \7$apersonal correspondence.$2aat$0(CStmoGRI)aatgf300048730
=655  \7$aprinted ephemera.$2aat$0(CStmoGRI)aatgf300264821
=655  \7$aoral histories (literary works)$2aat$0(CStmoGRI)aatgf300202595
=655  \7$aArchives.$2fast$0(OCoLC)fst01423700
=655  \7$aEphemera.$2fast$0(OCoLC)fst01919921
=655  \7$aOral histories.$2fast$0(OCoLC)fst01726295
=655  \7$aPersonal correspondence.$2fast$0(OCoLC)fst01919948
=655  \7$aRecords (Documents)$2fast$0(OCoLC)fst01919961
=655  \7$aRecords (Documents)$2lcgft
=655  \7$aPersonal correspondence.$2lcgft
=655  \7$aEphemera.$2lcgft
=655  \7$aOral histories.$2lcgft
=655  \7$aDocuments administratifs.$2rvmgf$0(CaQQLa)RVMGF-000001054
=655  \7$aCorrespondance privée.$2rvmgf$0(CaQQLa)RVMGF-000001056
=655  \7$aDocuments éphémères.$2rvmgf$0(CaQQLa)RVMGF-000001046
=655  \7$aHistoires orales.$2rvmgf$0(CaQQLa)RVMGF-000312406
=710  2\$aLabor Archives of Washington,$ecurator.
=740  0\$aacc5321-002
=856  42$uhttp://archiveswest.orbiscascade.org/ark:/80444/xv56829$zConnect to the online finding aid for this collection.
=049  \\$aWAUW

