=LDR  00923cpcaa22001937a 4500
=001  123953251
=008  070503i19191985xx\\\\\\\\\\\\\\\\\\eng\d
=005  20221228142221.1
=040  \\$aWAU$beng$cWAU$dWAU$dOCLCQ$dWAU$dOCLCO$dWAU
=100  1\$aLitchman, Claire,$d1925-2017.
=245  10$aClaire Litchman papers,$f1919-1985.
=300  \\$aapproximately .25 cubic ft.
=520  2\$aSlide show of 134 slides labelled "Music of the Wobblies", with accompanying tapes and script 1980; Misc. IWW clippings
=506  \\$aAccess may be restricted. Contact Special Collections for details.
=540  \\$aCreator's copyrights transferred to the University of Washington Libraries.
=500  \\$aProcessing levels vary. Contact the repository for details
=710  2\$aLabor Archives of Washington,$ecurator.
=856  42$uhttp://archiveswest.orbiscascade.org/ark:/80444/xv16314/$zConnect to the online finding aid for this collection.
=049  \\$aWAUW

