=LDR  09443cpcaa2201345Ii 4500
=001  767834907
=006  g\\\\\\\\\\\\\\\vl
=006  g\\\\\\\\\\\\\\\sn
=006  k\\\\\\\\\\\\\\\in
=008  111208i19152008xxu\\\\\\\\\\\\\\\\\eng\d
=005  20220619043958.2
=007  vf\cbahos
=007  gs\cj||jc
=007  kh\bo|
=040  \\$aWAU$beng$edacs$cWAU$dWAU$dOCLCO$dOCLCQ$dWAU$dOCLCF$dWAU$dOCLCO
=046  \\$o1915$p2008$2edtf
=100  1\$aOlson, David J.,$d1941-2012,$ecreator.
=245  10$aDavid Olson papers.
=264  \0$c1915-2008.
=300  \\$a9.05$fcubic feet$a(10 boxes and 1 oversize folder)
=336  \\$atext$btxt$2rdacontent
=336  \\$astill image$bsti$2rdacontent
=336  \\$atwo-dimensional moving image$btdi$2rdacontent
=337  \\$aunmediated$bn$2rdamedia
=337  \\$aprojected$bg$2rdamedia
=337  \\$avideo$bv$2rdamedia
=338  \\$asheet$bnc$2rdacarrier
=338  \\$avolume$bnc$2rdacarrier
=338  \\$aslide$bgs$2rdacarrier
=338  \\$avideocassette$bvf$2rdacarrier
=351  \\$aThe collection is arranged into 2 series. Series 1: David Olson personal papers; series 2: Davis Olson professional papers. Series 1 includes all of David Olson's personal papers, such as pictures and projects he worked on outside of his professional career. Series 2 includes all of David Olson's professional papers, such as press clippings, his political science teaching career, labor research and the founding of the Harry Bridges Chair, as well as his role as an expert witness in several trial cases. The second series is also further subdivided into subseries and parts to establish the different categories of David Olson's professional career.
=520  2\$aMaterials relating to the founding of the Harry Bridges Chair of Labor Studies at the University of Washington, research in labor, labor unions and urban politics, the Washington State blanket primary and role as an expert witness in primary election systems.
=545  0\$aUniversity of Washington professor of political science, founding chair of the Harry Bridges Center for Labor Studies, scholar on urban and labor politics. David Olson (Ph.D., University of Wisconsin) was Professor Emeritus of Political Science and the Harry Bridges Endowed Chair Emeritus in Labor Studies. He researched state, urban and labor politics in the United States. He was the co-author or co-editor of Black Politics: The Inevitability of Conflict (Holt, Rinehart and Winston) Theft of the City: Readings in Corruption in Urban America (Indiana), Commission Politics: The Processing of Racial Crisis in America (Trans-Action Books), Governing the United States (McGraw Hill), and To Keep The Republic (McGraw Hill). He also published numerous articles on urban politics, state politics, political violence, seaport politics, congestion pricing, living wage campaigns, term limits, and labor politics. In 2005 he received the S. Sterling Munro Public Service Teaching Award and in 2007 was named the inaugural Distinguished Civic Educator Award by the Washington State Senate. In 2006 Olson was knighted by the King of Norway as knight of the first class, order of merit for contributions to US/Norway scholarly exchange relations. Outside the University, Olson advised or served as a consultant to various state, county, and municipal governments as well as community groups and the Ford Foundation on subjects ranging from evacuation under radiological emergency, to seaport organization, to publicly owned railroads, to political primary systems, to transportation organization, to trade union contract disputes. David Olson died on Sept. 15, 2012.
=541  \\$cDonated by;$aDavid J. Olson,$dOctober 26, 2011.
=506  \\$aOpen to all users.
=540  \\$aCreator's literary rights transferred to the University of Washington Libraries.
=500  \\$aProcessing levels vary. Contact the repository for details.
=544  \\$aA separate collection of David Olson's papers are held by the Wisconsin Historical Society as part of the Michael Lipsky and David J. Olson Papers.
=600  10$aOlson, David J.,$d1941-2012$vArchives.
=650  \0$aHistorians$zWashington (State)$zSeattle$vArchives.
=650  \0$aPolitical scientists$zWashington (State)$zSeattle$vArchives.
=610  20$aUniversity of Washington.$bCenter for Labor Studies$xHistory$vSources.
=610  20$aHarry Bridges Center for Labor Studies (University of Washington)$xHistory$vSources.
=610  20$aUniversity of Washington.$bDepartment of Political Science$xHistory$vSources.
=610  20$aPort of Seattle$xHistory$vSources.
=650  \0$aStrikes and lockouts$xStevedores$xHistory$vSources.
=650  \0$aLabor movement$zUnited States$xHistory$vSources.
=650  \0$aLabor unions$zUnited States$xHistory$vSources.
=650  \0$aPrimaries$xHistory$vSources.
=610  20$aInternational Longshoremen's Association$xHistory$vSources.
=610  20$aInternational Longshoremen's and Warehousemen's Union$xHistory$vSources.
=610  20$aInternational Longshore and Warehouse Union$xHistory$vSources.
=610  20$aBlue Moon Tavern Preservation Society$xHistory$vSources.
=610  20$aWashington Dental Service$xHistory$vSources.
=650  \6$aPolitologues$0(CaQQLa)201-0065733$zWashington (État)$0(CaQQLa)201-0394837$zSeattle$0(CaQQLa)201-0394837$vArchives.$0(CaQQLa)201-0378256
=650  \6$aGrèves et lock-out$0(CaQQLa)201-0059201$xDébardeurs$0(CaQQLa)201-0059201$xHistoire$0(CaQQLa)201-0382350$vSources.$0(CaQQLa)201-0382350
=650  \6$aMouvement ouvrier$0(CaQQLa)201-0078721$zÉtats-Unis$0(CaQQLa)201-0407727$xHistoire$0(CaQQLa)201-0382350$vSources.$0(CaQQLa)201-0382350
=650  \6$aÉlections primaires$0(CaQQLa)201-0021875$xHistoire$0(CaQQLa)201-0382350$vSources.$0(CaQQLa)201-0382350
=600  17$aOlson, David J.,$d1941-2012.$2fast$0(OCoLC)fst01433841
=610  27$aInternational Longshore and Warehouse Union.$2fast$0(OCoLC)fst00774149
=610  27$aInternational Longshoremen's and Warehousemen's Union.$2fast$0(OCoLC)fst00535607
=610  27$aInternational Longshoremen's Association.$2fast$0(OCoLC)fst00564612
=610  27$aPort of Seattle.$2fast$0(OCoLC)fst00539437
=610  27$aUniversity of Washington.$bCenter for Labor Studies.$2fast$0(OCoLC)fst00718362
=650  \7$aHistorians.$2fast$0(OCoLC)fst00957686
=650  \7$aLabor movement.$2fast$0(OCoLC)fst00990079
=650  \7$aLabor unions.$2fast$0(OCoLC)fst00990260
=650  \7$aPolitical scientists.$2fast$0(OCoLC)fst01069858
=650  \7$aPrimaries.$2fast$0(OCoLC)fst01076313
=650  \7$aStrikes and lockouts$xStevedores.$2fast$0(OCoLC)fst01135242
=651  \7$aUnited States.$2fast$0(OCoLC)fst01204155
=651  \7$aWashington (State)$zSeattle.$2fast$0(OCoLC)fst01204940
=655  \7$aresearch (documents)$2aat$0(CStmoGRI)aatgf300254807
=655  \7$anewspaper clippings.$2aat$0(CStmoGRI)aatgf300429554
=655  \7$aslides (photographs)$2aat$0(CStmoGRI)aatgf300128371
=655  \7$apersonal correspondence.$2aat$0(CStmoGRI)aatgf300048730
=655  \7$aletters (correspondence)$2aat$0(CStmoGRI)aatgf300026879
=655  \7$acommercial correspondence.$2aat$0(CStmoGRI)aatgf300026914
=655  \7$acontracts.$2aat$0(CStmoGRI)aatgf300027649
=655  \7$aprinted ephemera.$2aat$0(CStmoGRI)aatgf300264821
=655  \7$abusiness records.$2aat$0(CStmoGRI)aatgf300141693
=655  \7$arecords (documents)$2aat$0(CStmoGRI)aatgf300026685
=655  \7$aphotographs.$2aat$0(CStmoGRI)aatgf300046300
=655  \7$aspeeches (documents)$2aat$0(CStmoGRI)aatgf300026671
=655  \7$apress releases.$2aat$0(CStmoGRI)aatgf300026437
=655  \7$aArchives.$2fast$0(OCoLC)fst01423700
=655  \7$aBusiness correspondence.$2fast$0(OCoLC)fst01919897
=655  \7$aContracts.$2fast$0(OCoLC)fst01774255
=655  \7$aEphemera.$2fast$0(OCoLC)fst01919921
=655  \7$aHistory.$2fast$0(OCoLC)fst01411628
=655  \7$aPersonal correspondence.$2fast$0(OCoLC)fst01919948
=655  \7$aPhotographs.$2fast$0(OCoLC)fst01423689
=655  \7$aPress releases.$2fast$0(OCoLC)fst01726708
=655  \7$aRecords (Documents)$2fast$0(OCoLC)fst01919961
=655  \7$aSources.$2fast$0(OCoLC)fst01423900
=655  \7$aSpeeches.$2fast$0(OCoLC)fst01774286
=655  \7$aPersonal correspondence.$2lcgft
=655  \7$aBusiness correspondence.$2lcgft
=655  \7$aContracts.$2lcgft
=655  \7$aEphemera.$2lcgft
=655  \7$aRecords (Documents)$2lcgft
=655  \7$aPhotographs.$2lcgft
=655  \7$aSpeeches.$2lcgft
=655  \7$aPress releases.$2lcgft
=655  \7$aCorrespondance privée.$2rvmgf$0(CaQQLa)RVMGF-000001056
=655  \7$aCorrespondance commerciale.$2rvmgf$0(CaQQLa)RVMGF-000001162
=655  \7$aContrats.$2rvmgf$0(CaQQLa)RVMGF-000001473
=655  \7$aDocuments éphémères.$2rvmgf$0(CaQQLa)RVMGF-000001046
=655  \7$aDocuments administratifs.$2rvmgf$0(CaQQLa)RVMGF-000001054
=655  \7$aPhotographies.$2rvmgf$0(CaQQLa)RVMGF-000001676
=655  \7$aDiscours.$2rvmgf$0(CaQQLa)RVMGF-000001617
=655  \7$aCommuniqués de presse.$2rvmgf$0(CaQQLa)RVMGF-000001182
=856  42$uhttp://archiveswest.orbiscascade.org/ark:/80444/xv99932$zConnect to the finding aid for this collection
=856  42$uhttp://digicoll.library.wisc.edu/cgi/f/findaid/findaid-idx?c=wiarchives;view=reslist;subview=standard;didno=uw-whs-mss00851$zConnect to related finding aid
=049  \\$aWAUW

