=LDR  05378cpcaa2200769 i 4500
=001  1201549475
=008  201026s1941\\\\wau\\\\\\\\\\\\\\\\\eng\d
=005  20220623205014.9
=040  \\$aWAU$beng$erda$edacs$cWAU$dWAU$dOCLCO$dOCLCF$dOCLCO$dWAU$dOCLCO
=041  0\$heng
=046  \\$k1941$2lcdgt
=100  1\$aO'Reilly, Claude,$ecreator$ecompiler.
=245  10$aClaude O'Reilly Scrapbook of American Federation of Labor Annual Convention in Seattle.
=264  \0$c1941.
=300  \\$a0.61$fcubic feet$a(1 box)
=336  \\$atext$btxt$2rdacontent
=336  \\$astill image$bsti$2rdacontent
=337  \\$aunmediated$bn$2rdamedia
=338  \\$asheet$bnb$2rdacarrier
=338  \\$avolume$bnc$2rdacarrier
=545  0\$aClaude O'Reilly was the chairman of the American Federation of Labor annual convention in Seattle, Washington, on October 6-18, 1941.
=520  2\$aThe scrapbook was put together and presented to Claude O'Reilly, the chairman of the American Federation of Labor annual convention, held at Senator Auditorium in Seattle, Washington, on October 6-18, 1941. The collection consists of the contents of a scrapbook regarding the American Federation of Labor annual convention in Seattle. The collection contains: a xerographic copy of the cover of the scrapbook; twenty black and white photographs; convention memorabilia; pages from the American Federationist magazine (October, November issues); and newspaper clippings from the Seattle Times, the Seattle Post-Intelligencer, and the Seattle Star (September 25-October 18). The photographs show scenes of convention proceedings, delegates touring the Government Locks in Seattle (October 8), a dinner honoring the A.F.L. Executive Council at the Olympic Hotel (October 6), and a Conference of Teamsters banquet (October 3). Convention memorabilia includes: the official program, convention and reception committee ribbons, three different meal invitations (two dinners and a luncheon), a coupon booklet for convention activities, a special sightseeing ticket, a sheet of letterhead, and a roll call of delegates (16 pages).
=506  \\$aNo restrictions on access.
=540  \\$aStatus of creator's copyrights is unknown; restrictions may exist on copying, quotation, or publication. Users are responsible for researching copyright status before use.
=541  \\$cDonated by:$aSpecial Collections of the University of Alaska Anchorage during de-accessioning. They had no additional provenance information.
=524  \\$aLabor Archives of Washington, University of Washington Libraries, Special Collections, Claude O'Reilly Scrapbook of American Federation of Labor Annual Convention in Seattle, 6328-001, [box number], [folder number]
=500  \\$aForms part of the Labor Archives of Washington.
=600  10$aO'Reilly, Claude,$eArchives.
=610  20$aAmerican Federation of Labor.$bAnnual Convention$n(61st :$d1941 :$cSeattle, Washington)
=610  20$aAmerican Federation of Labor.$bAnnual Convention$n(61st :$d1941 :$cSeattle, Washington)$vPhotographs.
=610  20$aAmerican Federation of Labor.
=650  \0$aLabor$zUnited States$xCongresses.
=650  \0$aLabor unions$zUnited States$xCongresses.
=650  \0$aLabor movement$zUnited States$xCongresses.
=651  \0$aSeattle (Wash.)$vPhotographs.
=651  \0$aHiram M. Chittenden Locks (Seattle, Wash.)$vPhotographs.
=610  20$aOlympic Hotel (Seattle, Wash.)$vPhotographs.
=650  \6$aTravail$0(CaQQLa)201-0093408$zÉtats-Unis$0(CaQQLa)201-0407727$xCongrès.$0(CaQQLa)201-0378208
=650  \6$aMouvement ouvrier$0(CaQQLa)201-0078721$zÉtats-Unis$0(CaQQLa)201-0407727$xCongrès.$0(CaQQLa)201-0378208
=610  27$aAmerican Federation of Labor.$2fast$0(OCoLC)fst00535672
=610  27$aOlympic Hotel (Seattle, Wash.)$2fast$0(OCoLC)fst01626152
=650  \7$aLabor.$2fast$0(OCoLC)fst00989798
=650  \7$aLabor movement.$2fast$0(OCoLC)fst00990079
=650  \7$aLabor unions.$2fast$0(OCoLC)fst00990260
=651  \7$aUnited States.$2fast$0(OCoLC)fst01204155
=651  \7$aWashington (State)$zSeattle.$2fast$0(OCoLC)fst01204940
=651  \7$aWashington (State)$zSeattle$zHiram M. Chittenden Locks.$2fast$0(OCoLC)fst01324414
=655  \7$anewspaper clippings.$2aat$0(CStmoGRI)aatgf300429554
=655  \7$ascrapbooks.$2aat$0(CStmoGRI)aatgf300027341
=655  \7$aphotographs.$2aat$0(CStmoGRI)aatgf300046300
=655  \7$aprinted ephemera.$2aat$0(CStmoGRI)aatgf300264821
=655  \7$aAlbums (Books)$2fast$0(OCoLC)fst01726784
=655  \7$aConference materials.$2fast$0(OCoLC)fst01919904
=655  \7$aConference papers and proceedings.$2fast$0(OCoLC)fst01423772
=655  \7$aEphemera.$2fast$0(OCoLC)fst01919921
=655  \7$aPhotographs.$2fast$0(OCoLC)fst01423689
=655  \7$aAlbums (Books)$2lcgft
=655  \7$aConference materials.$2lcgft
=655  \7$aPhotographs.$2lcgft
=655  \7$aEphemera.$2lcgft
=655  \7$aAlbums personnalisés.$2rvmgf$0(CaQQLa)RVMGF-000001033
=655  \7$aDocuments de congrès.$2rvmgf$0(CaQQLa)RVMGF-000001050
=655  \7$aPhotographies.$2rvmgf$0(CaQQLa)RVMGF-000001676
=655  \7$aDocuments éphémères.$2rvmgf$0(CaQQLa)RVMGF-000001046
=710  2\$aLabor Archives of Washington,$ecurator.
=856  42$uhttp://archiveswest.orbiscascade.org/ark:/80444/xv550261$zConnect to the online finding aid for this collection
=049  \\$aWAUW

