=LDR  01078cpcaa22002173  4500
=001  857670236
=008  130905s2006\\\\xx\\\\\\\\\\\\\\\\\\eng\d
=005  20201006041640.1
=040  \\$aWAU$beng$cWAU$dWAU$dOCLCQ$dWAU$dOCLCF
=100  1\$aPalmer, Douglas Shaw,$eauthor.
=245  10$aDouglas Shaw Palmer manuscript on Sidney Gerber,$f2006.
=300  \\$a1 vertical file
=520  2\$aDouglas Shaw Palmer Manuscript of "Sidney Gerber: Opening Doors Shut Against Blacks in Washington State."
=545  0\$aDouglas Shaw Palmer was a Seattle attorney who wrote an unpublished manuscript about Sidney Gerber.
=506  \\$aOpen to all users.
=540  \\$aCreator's literary rights transferred to the University of Washington Libraries.
=540  \\$aSome restrictions exist on copying, quotation, or publication. Contact Special Collections for details.
=600  10$aGerber, Sidney,$d-1965.
=600  17$aGerber, Sidney,$d-1965$2fast$0(OCoLC)fst01820313
=856  42$uhttp://archiveswest.orbiscascade.org/ark:/80444/xv03924$zConnect to the online finding aid for this collection
=049  \\$aWAUW

