=LDR  01810cpcaa22002297a 4500
=001  123953900
=008  070503i19401961xx\\\\\\\\\\\\\\\\\\eng\d
=005  20230628143638.7
=040  \\$aWAU$beng$edacs$cWAU$dWAU$dOCLCF$dWAU$dOCLCO$dOCLCQ$dOCLCO$dWAU
=100  1\$aBarnett, Eugene,$d1892-1973.
=245  10$aEugene Barnett oral history collection,$f1940, 1961.
=300  \\$a.21 cubic feet (1 box)
=545  0\$aBorn in 1891 in North Carolina, Barnett worked as a mineworker from the age of eight. After moving to Southwest Washington sometime after 1908, he joined the Industrial Workers of the World. On November 11, 1919, he witnessed the attack on the IWW union hall in Centralia, was arrested, tried, and imprisoned for eleven years. After his release to care for his ill wife, he worked as a miner and in various other occupations. He died in 1973.
=520  2\$aOral history interviews with Eugene Barnett (1940 and 1961), transcript. In a self interview or speech, Barnett describes his life as a miner and his witnessing the attack on the Industrial Workers of the World union hall in Centralia, Washington on November 11, 1919; the aftermath, his imprisonment, and his later life. In the 1960 interview Archie Green interviews Barnett about additional details of his life and his strong belief in the labor union movement
=506  \\$aOpen to all users.
=540  \\$aCreator's literary rights not transferred to the University of Washington Libraries.
=555  0\$aFinding aid available in the repository and on the World Wide Web.
=600  10$aBarnett, Eugene,$d1891-1973$vInterviews.
=655  \7$aInterviews.$2fast$0(OCoLC)fst01423832
=700  1\$aGreen, Archie.
=856  42$uhttps://archiveswest.orbiscascade.org/ark:80444/xv69979$zConnect to the online finding aid for this collection.
=049  \\$aWAUW

