=LDR  02282cpcaa2200433 i 4500
=001  794847657
=008  120606i19391942wau\\\\\\\\\\\\\\\\\eng\d
=005  20220605223543.4
=040  \\$aWAU$beng$erda$edacs$cWAU$dWAU$dOCLCQ$dWAU$dOCLCO$dWAU$dOCLCO$dOCLCF$dOCLCO
=046  \\$o1939$p1942$2edtf
=100  1\$aCoughlin, Gilbert,$d1930-2009,$ecollector.
=245  10$aGilbert Coughlin labor button collection.
=300  \\$a28 buttons$a(1 box)
=336  \\$aother$bxxx$2rdacontent
=337  \\$aunmediated$bn$2rdamedia
=338  \\$aobject$bnr$2rdacarrier
=386  \\$aMen$2lcdgt
=386  \\$aWashingtonians (Washington State)$2lcdgt
=386  \\$aLabor union members$2lcsh
=545  0\$aGilbert Coughlin Sr. was a labor union member and organizer in Tacoma. As part of his union activities, he collected these buttons.
=520  2\$aButtons issued on a monthly basis by the Tacoma Building and Construction Trades Council to members whose dues were paid. The 28 buttons date from 1939 to 1942.
=506  \\$aOpen to all users.
=540  \\$aCreator's literary rights transferred to the University of Washington Libraries.
=541  \\$cDonated by:$aHeather Coughlin-Washburn$dSeptember 12, 2011.
=555  0\$aA finding aid to the papers is available in the Special Collections Division of the University of Washington Libraries and on the World Wide Web.
=610  20$aTacoma Building Trades Council$xMembership.
=650  \0$aLabor unions$zWashington (State)$zTacoma.
=650  \6$aSyndicats$0(CaQQLa)201-0007001$zWashington (État)$0(CaQQLa)201-0394825$zTacoma.$0(CaQQLa)201-0394825
=650  \7$aLabor unions.$2fast$0(OCoLC)fst00990260
=650  \7$aMembership requirements.$2fast$0(OCoLC)fst01353685
=651  \7$aWashington (State)$zTacoma.$2fast$0(OCoLC)fst01205636
=655  \7$amembership button.$2aat$0(CStmoGRI)aatgf300427360
=655  \7$amembership badge.$2aat$0(CStmoGRI)aatgf300427359
=655  \7$aprinted ephemera.$2aat$0(CStmoGRI)aatgf300264821
=655  \7$aEphemera.$2fast$0(OCoLC)fst01919921
=655  \7$aEphemera.$2lcgft
=655  \7$aDocuments éphémères.$2rvmgf$0(CaQQLa)RVMGF-000001046
=856  42$uhttps://archiveswest.orbiscascade.org/ark:/80444/xv73348/$zConnect to the online finding aid for this collection
=049  \\$aWAUW

