=LDR  02583cpcaa22004577a 4500
=001  123953292
=008  070503i19281988xx\\\\\\\\\\\\\\\\\\eng\d
=005  20230628143730.6
=040  \\$aWAU$beng$cWAU$dOCLCG$dWAU$dOCLCF$dOCLCQ$dOCLCA$dOCLCQ$dOCLCA$dOCL$dOCLCO$dWAU
=043  \\$an-us---
=100  1\$aDennett, Eugene V.,$d1908-1989.
=245  10$aEugene V. Dennett papers,$f1928-1988.
=300  \\$aapproximately 9 cubic ft.
=520  2\$aCorrespondence, reports, minutes, writings, ephemera, clippings, photographs, and related papers.
=506  \\$aAccess may be restricted. Contact Special Collections for details.
=540  \\$aSome restrictions exist on duplication, quotation, or publication. Contact the repository for details.
=545  0\$aCommunist Party member 1931-47, and organizer. Labor activist, Executive Secretary Washington Industrial Union Council, member Washington Commonwealth Federation, Seattle Central Labor Council, Maritime Federation of the Pacific Coast, and Steelworkers Union, Local 1208. See published autobiography, "Agitprop: The Life of an American Working Class Radical."
=600  10$aDennett, Eugene V.,$d1908-1989$vArchives.
=610  10$aUnited States.$bCongress.$bHouse.$bCommittee on Un-American Activities.
=610  20$aMaritime Federation of the Pacific Coast.
=610  20$aBethlehem Steel Company.
=600  17$aDennett, Eugene V.,$d1908-1989$2fast$0(OCoLC)fst00237989
=610  27$aBethlehem Steel Company.$2fast$0(OCoLC)fst00636304
=610  27$aMaritime Federation of the Pacific Coast.$2fast$0(OCoLC)fst00630082
=610  17$aUnited States.$bCongress.$bHouse.$bCommittee on Un-American Activities.$2fast$0(OCoLC)fst00544557
=655  \7$aArchives.$2fast$0(OCoLC)fst01423700
=700  1\$aDeLacy, Hugh,$d1910-1986.
=700  1\$aCostigan, Barbara.
=700  1\$aHaines, Victor.
=700  1\$aGilland, Rolland L.
=700  1\$aDennett, Harriette.
=710  2\$aWashington Industrial Union Council.
=710  2\$aCommunist Party of the United States of America.$bDistrict 12.
=710  2\$aUnited Steelworkers of America.$bLocal 1208 (Seattle, Wash.)
=710  2\$aIndustrial Union Council (Seattle, Wash.)
=710  2\$aInland Boatmen's Union of the Pacific.$bPuget Sound Division.
=710  2\$aCivilian Conservation Corps (U.S.).$bCompany 1745 (Wash.)
=710  2\$aWashington Commonwealth Federation.
=710  2\$aCentral Labor Council of Seattle and Vicinity.
=856  42$uhttps://archiveswest.orbiscascade.org/ark:80444/xv46902$zConnect to the online finding aid for this collection.
=049  \\$aWAUW

