=LDR  01069cpcaa22002053a 4500
=001  123949879
=008  070503s1972\\\\xx\\\\\\\\\\\\\\\\\\eng\d
=005  20230628143314.0
=040  \\$aWAU$beng$cWAU$dWAU$dOCLCQ$dWAU$dOCLCO$dWAU
=100  1\$aDonohoe, Ed,$d1918-1992.
=245  10$aEd Donahoe papers.
=300  \\$a2 audiocassettes
=520  2\$aTape recorded interviews conducted by Gene J. Johnston in Nov and Dec 1972.
=506  \\$aAccess may be restricted. Contact Special Collections for details.
=540  \\$aSome restrictions exist on duplication, quotation, or publication. Contact the repository for details.
=500  \\$aProcessing levels vary. Contact the repository for details.
=545  0\$aJournalist, editor of "Washington Teamster." Began in 1941 as writer for "Washington Teamster." Also did moonlighting for Seattle P-I and Seattle Times.
=555  0\$aFinding aid available in the repository and on the World Wide Web.
=856  42$uhttps://archiveswest.orbiscascade.org/ark:80444/xv54718$zConnect to the online finding aid for this collection.
=049  \\$aWAUW

