=LDR  05432cpcaa22009377i 4500
=001  123953233
=008  070503i19371992xxu\\\\\\\\\\\\\\\\\eng\d
=005  20220606030243.2
=040  \\$aWAU$beng$erda$edacs$cWAU$dWAU$dOCLCF$dWAU$dOCLCO$dOCLCQ$dOCLCO
=043  \\$an-us-wa
=046  \\$o1937$p1992$2edtf
=110  2\$aEverett Education Association (Everett, Wash.),$ecreator.
=245  10$aEverett Education Association records.
=264  \0$c1937-1992
=300  \\$a30.06$fcubic feet.
=336  \\$atext$btxt$2rdacontent
=337  \\$aunmediated$bn$2rdamedia
=338  \\$asheet$bnb$2rdacarrier
=351  \\$aOrganized into 6 accessions: Accession No. 3849-001, Everett Education Association records, 1937-1947 -- Accession No. 3849-002, United Teachers of Everett records, circa 1971-1986 -- Accession No. 3849-003, Everett Education Association records, circa 1970-1972 -- Accession No. 3849-004, United Teachers of Everett records, 1986-1990 -- Accession No. 3849-005, Everett Education Association/United Teachers of Everett records, 1978-1992 -- Accession No. 3849-006, United Teachers of Everett records, 1975-1992.
=520  2\$aBargaining files, budget files, cartoon, clippings, conferences and conventions, correspondence, dues files, historical features, logo design, membership files, memoranda of understanding, memos, minutes, newsletters, program materials, reports, resolutions, subject files, subject series, surveys.
=506  \\$aNo restrictions on access.
=540  \\$aRights governing reproduction and use vary. Contact Special Collections for more information.
=541  \\$cDonor:$aEverett Education Association,$dNovember 10, 1986;$eAccession No. 3849-001.
=541  \\$cDonor:$aEverett Education Association,$dDecember 27, 1988;$eAccession No. 3849-002.
=541  \\$cDonor:$aEverett Education Association,$dMarch 9, 1987;$eAccession No. 3849-003.
=541  \\$cDonor:$aCarol Schramm,$dFebruary 5, 1992;$eAccession No. 3849-004.
=541  \\$cDonor:$aEverett Education Association,$dSeptember 23, 1992;$eAccession No. 3849-005.
=541  \\$cDonor:$aMike Sells,$dJuly 18, 1997;$eAccession No. 3849-006.
=500  \\$aForms part of the Labor Archives of Washington.
=610  20$aEverett Education Association (Everett, Wash.)$vArchives.
=610  20$aEverett Education Association (Everett, Wash.)$xMembership.
=610  20$aEverett Education Association (Everett, Wash.)$xFinance.
=650  \0$aTeachers' unions$zWashington (State)$zSnohomish County.
=650  \0$aTeachers$zWashington (State)$zSnohomish County.
=650  \0$aEducation$zWashington (State)$zSnohomish County.
=650  \0$aLabor$zWashington (State)$zSnohomish County.
=650  \0$aLabor unions$zWashington (State)$zSnohomish County.
=650  \0$aLabor movement$zWashington (State)$zSnohomish County.
=650  \7$aEducation.$2fast$0(OCoLC)fst00902499
=650  \7$aFinance.$2fast$0(OCoLC)fst00924349
=650  \7$aLabor.$2fast$0(OCoLC)fst00989798
=650  \7$aLabor movement.$2fast$0(OCoLC)fst00990079
=650  \7$aLabor unions.$2fast$0(OCoLC)fst00990260
=650  \7$aMembership requirements.$2fast$0(OCoLC)fst01353685
=650  \7$aTeachers.$2fast$0(OCoLC)fst01144248
=650  \7$aTeachers' unions.$2fast$0(OCoLC)fst01144535
=651  \7$aWashington (State)$zSnohomish County.$2fast$0(OCoLC)fst01213641
=655  \7$arecords (documents)$2aat$0(CStmoGRI)aatgf300026685
=655  \7$abusiness records.$2aat$0(CStmoGRI)aatgf300141693
=655  \7$aminute books.$2aat$0(CStmoGRI)aatgf300135375
=655  \7$aminutes (administrative records)$2aat$0(CStmoGRI)aatgf300027440
=655  \7$acommercial correspondence.$2aat$0(CStmoGRI)aatgf300026914
=655  \7$acollective labor agreements.$2aat$0(CStmoGRI)aatgf300027630
=655  \7$aprinted ephemera.$2aat$0(CStmoGRI)aatgf300264821
=655  \7$anews bulletins.$2aat$0(CStmoGRI)aatgf300026435
=655  \7$anewsletters.$2aat$0(CStmoGRI)aatgf300026652
=655  \7$aannual reports.$2aat$0(CStmoGRI)aatgf300027292
=655  \7$aAnnual reports.$2fast$0(OCoLC)fst01919893
=655  \7$aArchives.$2fast$0(OCoLC)fst01423700
=655  \7$aBusiness correspondence.$2fast$0(OCoLC)fst01919897
=655  \7$aCollective labor agreements.$2fast$0(OCoLC)fst01774247
=655  \7$aEphemera.$2fast$0(OCoLC)fst01919921
=655  \7$aMinutes (Records)$2fast$0(OCoLC)fst01919940
=655  \7$aNewsletters.$2fast$0(OCoLC)fst01919943
=655  \7$aRecords (Documents)$2fast$0(OCoLC)fst01919961
=655  \7$aRecords (Documents)$2lcgft
=655  \7$aMinutes (Records)$2lcgft
=655  \7$aBusiness correspondence.$2lcgft
=655  \7$aCollective labor agreements.$2lcgft
=655  \7$aEphemera.$2lcgft
=655  \7$aNewsletters.$2lcgft
=655  \7$aAnnual reports.$2lcgft
=655  \7$aDocuments administratifs.$2rvmgf$0(CaQQLa)RVMGF-000001054
=655  \7$aProcès-verbaux.$2rvmgf$0(CaQQLa)RVMGF-000001222
=655  \7$aCorrespondance commerciale.$2rvmgf$0(CaQQLa)RVMGF-000001162
=655  \7$aConventions collectives.$2rvmgf$0(CaQQLa)RVMGF-000001475
=655  \7$aDocuments éphémères.$2rvmgf$0(CaQQLa)RVMGF-000001046
=655  \7$aLettres d'informations.$2rvmgf$0(CaQQLa)RVMGF-000001104
=655  \7$aRapports annuels.$2rvmgf$0(CaQQLa)RVMGF-000001055
=856  42$uhttp://archiveswest.orbiscascade.org/ark:/80444/xv00750$zConnect to the online finding aid for this collection
=049  \\$aWAUW

