=LDR  04376cpcaa22006857i 4500
=001  1122616810
=008  191008i20122018xxu\\\\\\\\\\\\\\\\\eng\d
=006  m\\\\\o\\c\\\\\\\\
=005  20220519121035.6
=007  cr\cna|||ana||
=040  \\$aWAU$beng$erda$edacs$cWAU$dWAU$dOCLCF$dWAU$dOCLCO$dOCLCQ$dOCLCO$dWAU
=043  \\$an-us-wa
=046  \\$o2012$p2018$2edtf
=110  2\$aFamilias Unidas por la Justicia (Labor union),$ecreator.
=245  10$aFamilias Unidas por la Justicia records and ephemera.
=264  \0$c2012-2018.
=300  \\$a1.53 cubic feet$a(3 boxes, 1 oversize folder, 1 banner)
=300  \\$a870 digital files (3.02 gigabytes)
=336  \\$atwo-dimensional moving image$btdi$2rdacontent$3digital films
=336  \\$atext$btxt$2rdacontent
=337  \\$aunmediated$bn$2rdamedia
=337  \\$acomputer$bc$2rdamedia$3digital files
=338  \\$asheet$bnb$2rdacarrier
=351  \\$aOrganized into 3 accessions. Accession No. 6251-001, Familias Unidas por la Justicia records and ephemera, 2012-2017 -- Accession No. 6251-002, Familias Unidas por la Justicia records and ephemera, approximately 2013-2018 -- Accession No. 6251-003, Familias Unidas por la Justicia banner, 2012
=545  1\$aFamilias Unidas por la Justicia (FUJ), is farmworker union comprised of Mixteco and Triqui families. In 2015, FUJ affiliated with the Washington State Labor Council, AFL-CIO.
=541  \\$aAccession No. 6251-002:$cDonated by: Jason Holland.
=520  2\$aEphemera, picket signs, flyers, correspondence, meeting notes, a berry package, stickers, digital photographs, videos, and documents from Familias Unidas por la Justicia's work organizing farmworkers in Whatcom County. Some materials relate to Community to Community Development, a grassroots organization that worked closely with the workers of FUJ during its history. Highlights of the collection includes materials from FUJ's organizing, strike, boycott, and contract victory against Sakuma Brothers, Inc., a berry grower in Mount Vernon, Washington where many of the FUJ workers were employed and lived.
=506  \\$aOpen to all users, but access to portions of the collection is restricted. Contact Special Collections for details.
=540  \\$aRestrictions may exist on copying, quotation, or publication. Contact University of Washington Libraries Special Collections for details.
=546  \\$aCollection materials are in English and Spanish.
=610  20$aFamilias Unidas por la Justicia (Labor union)$vArchives.
=610  20$aCommunity to Community Development (Organization)$vCorrespondence.
=610  20$aSakuma Brothers Farms.
=650  \0$aStrikes and lockouts$xAgricultural laborers$zWashington (State)
=650  \0$aBoycotts$zWashington (State)
=650  \0$aLabor unions$zWashington (State)
=650  \0$aAgricultural laborers$zWashington (State)
=650  \6$aGrèves et lock-out$0(CaQQLa)201-0078095$xTravailleurs agricoles$0(CaQQLa)201-0078095$zWashington (État)$0(CaQQLa)201-0395184
=650  \6$aBoycottage$0(CaQQLa)201-0003147$zWashington (État)$0(CaQQLa)201-0395184
=650  \6$aSyndicats$0(CaQQLa)201-0007001$zWashington (État)$0(CaQQLa)201-0395184
=650  \6$aTravailleurs agricoles$0(CaQQLa)201-0023159$zWashington (État)$0(CaQQLa)201-0395184
=650  \7$aAgricultural laborers.$2fast$0(OCoLC)fst00800949
=650  \7$aBoycotts.$2fast$0(OCoLC)fst00837348
=650  \7$aLabor unions.$2fast$0(OCoLC)fst00990260
=650  \7$aStrikes and lockouts$xAgricultural laborers.$2fast$0(OCoLC)fst01135032
=651  \7$aWashington (State)$2fast$0(OCoLC)fst01204703
=655  \2$aPhotograph$0(DNLM)D059036
=655  \2$aEphemera$0(DNLM)D019502
=655  \7$aphotographs.$2aat$0(CStmoGRI)aatgf300046300
=655  \7$aprinted ephemera.$2aat$0(CStmoGRI)aatgf300264821
=655  \7$aArchives.$2fast$0(OCoLC)fst01423700
=655  \7$aEphemera.$2fast$0(OCoLC)fst01919921
=655  \7$aPersonal correspondence.$2fast$0(OCoLC)fst01919948
=655  \7$aPhotographs.$2fast$0(OCoLC)fst01423689
=655  \7$aPhotographs.$2lcgft
=655  \7$aEphemera.$2lcgft
=655  \7$aPhotographies.$2rvmgf$0(CaQQLa)RVMGF-000001676
=655  \7$aDocuments éphémères.$2rvmgf$0(CaQQLa)RVMGF-000001046
=856  42$uhttp://archiveswest.orbiscascade.org/ark:/80444/xv971648$zConnect to the online finding aid for this collection
=049  \\$aWAUW

