=LDR  00972cpcaa22002057a 4500
=001  123954047
=008  070503s1887\\\\xx\\\\\\\\\\\\\\\\\\eng\d
=005  20230628144734.5
=040  \\$aWAU$beng$cWAU$dWAU$dOCLCQ$dWAU$dOCLCO$dWAU
=110  2\$aFarmers' Union (Walla Walla, Washington Territory)
=245  10$aFarmers' Union records,$f1887.
=300  \\$a3 volumes
=520  2\$aConstitution, bylaws, minute book and membership list of the organization.
=506  \\$aAccess may be restricted. Contact Special Collections for details.
=540  \\$aSome restrictions exist on duplication, quotation, or publication. Contact the repository for details.
=500  \\$aProcessing levels vary. Contact the repository for details.
=545  1\$aAgricultural association.
=555  0\$aFinding aid available in the repository and on the World Wide Web.
=856  42$uhttps://archiveswest.orbiscascade.org/ark:80444/xv49261$zConnect to the online finding aid for this collection.
=049  \\$aWAUW

