=LDR  05734cpcaa22008657i 4500
=001  1124683019
=008  191021i19571995wau\\\\\\\\\\\\\\\\\eng\d
=005  20220612180031.6
=040  \\$aWAU$beng$erda$edacs$cWAU$dWAU$dOCLCF$dWAU$dOCLCO$dOCLCQ$dWAU$dOCLCO
=043  \\$an-us-wa
=046  \\$o1957$p1995$2edtf
=100  1\$aHammer, George,$d1950-$ecreator.
=245  10$aGeorge Hammer papers.
=264  \0$c1957-1995, bulk 1975-1981.
=300  \\$a1.28$fcubic feet$a(1 box)
=336  \\$atext$btxt$2rdacontent
=337  \\$aunmediated$bn$2rdamedia
=338  \\$asheet$bnb$2rdacarrier
=386  \\$aAmericans$aWashingtonians (Washington State)$aSeattleites$aMen$2lcdgt
=545  0\$aGeorge Hammer was a lineworker for Seattle City Light who, when working as apprenticeship coordinator, developed improvements to City Light training programs in the the early 1980s. Hammer had spent almost two years getting reconstructive surgery after a 1978 accident that caused severe burns to his hands. He then had to fight to regain a skilled job with City Light. Hammer eventually went into the Safety Department, and then became secretary to the apprenticeship committee. By 1981, Hammer had been assigned to come up with specific recommendations for City Light's apprenticeship program. He researched and developed apprenticeship training methods that overcame some of the biases common in training methods in effect at the time, and which had the effect of making it extremely difficult for women to qualify. These methods were later adopted by the utility.
=520  2\$aApprenticeship Committee minutes, correspondence, training course outlines, and training materials related to Seattle City Light's skilled trades apprenticeship program.
=506  \\$aNo restrictions on access.
=540  \\$aCreator's copyrights transferred to the University of Washington Libraries Special Collections.
=541  \\$cDonated by:$aHelen Gilbert of Radical Women (along with the Clara Fraser v. City Light and Heidi Durham papers).
=546  \\$aCollection materials are in English.
=544  1\$nSpecial Collections holds similar materials in the following collections:$dHeidi Durham papers, 1937-2017 (6264);$dClara Fraser papers, 1905-1998 (3187);$dMegan Cornish papers, 1970-2003 (6259).
=500  \\$aForms part of the Labor Archives of Washington
=600  10$aHammer, George,$d1950-$vArchives.
=650  \0$aElectric industry workers$zWashington (State)$zSeattle$vArchives.
=610  20$aSeattle City Light$xEmployees$vArchives.
=610  20$aSeattle City Light$xHistory$vArchives.
=650  \0$aElectric industry workers$xTraining of$zWashington (State)$zSeattle.
=650  \0$aApprenticeship programs$zWashington (State)$zSeattle.
=650  \0$aSex discrimination in employment$zWashington (State)$zSeattle$xHistory.
=650  \0$aAffirmative action programs$zWashington (State)$zSeattle$xHistory.
=650  \0$aLabor$zWashington (State)$zSeattle.
=650  \6$aApprentissage professionnel$0(CaQQLa)201-0234383$zWashington (État)$0(CaQQLa)201-0394837$zSeattle.$0(CaQQLa)201-0394837
=650  \6$aDiscrimination sexuelle dans l'emploi$0(CaQQLa)201-0094349$zWashington (État)$0(CaQQLa)201-0394837$zSeattle$0(CaQQLa)201-0394837$xHistoire.$0(CaQQLa)201-0378888
=650  \6$aProgrammes d'action positive$0(CaQQLa)201-0066779$zWashington (État)$0(CaQQLa)201-0394837$zSeattle$0(CaQQLa)201-0394837$xHistoire.$0(CaQQLa)201-0378888
=650  \6$aTravail$0(CaQQLa)201-0093408$zWashington (État)$0(CaQQLa)201-0394837$zSeattle.$0(CaQQLa)201-0394837
=610  27$aSeattle City Light.$2fast$0(OCoLC)fst00685373
=650  \7$aAffirmative action programs.$2fast$0(OCoLC)fst00798899
=650  \7$aApprenticeship programs.$2fast$0(OCoLC)fst00811806
=650  \7$aElectric industry workers.$2fast$0(OCoLC)fst00904954
=650  \7$aElectric industry workers$xTraining of.$2fast$0(OCoLC)fst00904966
=650  \7$aEmployees.$2fast$0(OCoLC)fst00909111
=650  \7$aLabor.$2fast$0(OCoLC)fst00989798
=650  \7$aSex discrimination in employment.$2fast$0(OCoLC)fst01114408
=651  \7$aWashington (State)$zSeattle.$2fast$0(OCoLC)fst01204940
=655  \7$acommercial correspondence.$2aat$0(CStmoGRI)aatgf300026914
=655  \7$aminutes (administrative records)$2aat$0(CStmoGRI)aatgf300027440
=655  \7$aminute books.$2aat$0(CStmoGRI)aatgf300135375
=655  \7$aprinted ephemera.$2aat$0(CStmoGRI)aatgf300264821
=655  \7$abusiness records.$2aat$0(CStmoGRI)aatgf300141693
=655  \7$arecords (documents)$2aat$0(CStmoGRI)aatgf300026685
=655  \7$aArchives.$2fast$0(OCoLC)fst01423700
=655  \7$aBusiness correspondence.$2fast$0(OCoLC)fst01919897
=655  \7$aCourse materials.$2fast$0(OCoLC)fst01919908
=655  \7$aEphemera.$2fast$0(OCoLC)fst01919921
=655  \7$aHistory.$2fast$0(OCoLC)fst01411628
=655  \7$aMinutes (Records)$2fast$0(OCoLC)fst01919940
=655  \7$aRecords (Documents)$2fast$0(OCoLC)fst01919961
=655  \7$aBusiness correspondence.$2lcgft
=655  \7$aMinutes (Records)$2lcgft
=655  \7$aCourse materials.$2lcgft
=655  \7$aEphemera.$2lcgft
=655  \7$aRecords (Documents)$2lcgft
=655  \7$aCorrespondance commerciale.$2rvmgf$0(CaQQLa)RVMGF-000001162
=655  \7$aProcès-verbaux.$2rvmgf$0(CaQQLa)RVMGF-000001222
=655  \7$aMatériel de cours.$2rvmgf$0(CaQQLa)RVMGF-000001187
=655  \7$aDocuments éphémères.$2rvmgf$0(CaQQLa)RVMGF-000001046
=655  \7$aDocuments administratifs.$2rvmgf$0(CaQQLa)RVMGF-000001054
=710  2\$aLabor Archives of Washington,$ecurator.
=856  42$uhttp://archiveswest.orbiscascade.org/ark:/80444/xv957213$zConnect to the finding aid for this collection
=049  \\$aWAUW

