=LDR  04272cpcaa2200637 i 4500
=001  1029565270
=008  180326i19351959xx\\\\\\\\\\\\\\\\\\eng\d
=005  20221116195518.0
=040  \\$aWAU$beng$edacs$erda$cWAU$dOCLCA$dOCLCF$dWAU$dOCLCO$dWAU
=046  \\$k1935$l1959$2edtf
=100  1\$aJohnson, Gordon$c(Labor union member),$ecreator.
=245  10$aGordon Johnson papers.
=264  \0$capproximately 1935-1959
=300  \\$a.23$fcubic feet$a(1 box and 1 oversize vertical file)
=336  \\$atext$btxt$2rdacontent
=337  \\$aunmediated$bn$2rdamedia
=338  \\$asheet$bnb$2rdacarrier
=500  \\$aForms a part of the Labor Archives of Washington.
=545  0\$aGordon Johnson was a labor union member and officer, who was a member and officer of the United Brotherhood of Carpenters, Local 2653 (Millworkers) and in various locals and councils of the International Woodworkers of America; the Lumber and Sawmill Workers, Local 94 (Everett, WA). The International Woodworkers of America (IWA) was an industrial union of lumber and sawmill workers, timber transportation workers and affiliated workers formed in 1937 when members of the Sawmill and Timber Workers' Union division of the United Brotherhood of Carpenters and Joiners of America disaffiliated their local unions and formed their own international union. The IWA later affiliated with the Congress of Industrial Organizations (CIO).
=520  2\$aMinutes of Lumber & Sawmill workers Union, Everett, 1937. Minutes of United Brotherhood of Carpenters, Local 2653 (Millworkers), 1935 Documents from Lumber and Sawmill Workers & Plywood Box Shook and Door Council of the International Woodworkers of America (IWA). Johnson was Secretary Treasurer of IWA District 9 (Olympia, WA) c. 1959. Correspondence, membership lists, reciepts, expenditures and reports. One Scrapbook and clippings, 1930s.
=506  1\$aNo restrictions on access.
=540  \\$aCreator's copyrights transferred to the University of Washington Libraries Special Collections.
=541  \\$cDonor:$aJeremy Egolf,$d2017-09-15.
=600  10$aJohnson, Gordon$c(Labor union member)$vArchives.
=610  20$aUnited Brotherhood of Carpenters and Joiners of America.$bLocal 2653 (Everett, Wash.).
=610  20$aInternational Woodworkers of America.$bDistrict 9 (Olympia, Wash.).
=650  \0$aLumber trade$xLabor unions$zWashington (State)
=650  \0$aLabor union members$zWashington (State)
=650  \0$aLabor unions$zWashington (State)
=650  \0$aLabor$zWashington (State)
=650  \0$aLabor movement$zWashington (State)
=650  \6$aBois$0(CaQQLa)201-0035482$xCommerce$0(CaQQLa)201-0035482$xSyndicats$0(CaQQLa)201-0378916$zWashington (État)$0(CaQQLa)201-0395184
=650  \6$aSyndiqués$0(CaQQLa)201-0268551$zWashington (État)$0(CaQQLa)201-0395184
=650  \6$aSyndicats$0(CaQQLa)201-0007001$zWashington (État)$0(CaQQLa)201-0395184
=650  \6$aTravail$0(CaQQLa)201-0093408$zWashington (État)$0(CaQQLa)201-0395184
=650  \6$aMouvement ouvrier$0(CaQQLa)201-0078721$zWashington (État)$0(CaQQLa)201-0395184
=650  \7$aLabor.$2fast$0(OCoLC)fst00989798
=650  \7$aLabor movement.$2fast$0(OCoLC)fst00990079
=650  \7$aLabor union members.$2fast$0(OCoLC)fst00990256
=650  \7$aLabor unions.$2fast$0(OCoLC)fst00990260
=651  \7$aWashington (State)$2fast$0(OCoLC)fst01204703
=655  \2$aLetter$0(DNLM)D016422
=655  \7$acommercial correspondence.$2aat$0(CStmoGRI)aatgf300026914
=655  \7$aArchives.$2fast$0(OCoLC)fst01423700
=655  \7$aBusiness correspondence.$2fast$0(OCoLC)fst01919897
=655  \7$aMinutes (Records)$2fast$0(OCoLC)fst01919940
=655  \7$aRecords (Documents)$2fast$0(OCoLC)fst01919961
=655  \7$aRecords (Documents)$2lcgft
=655  \7$aBusiness correspondence.$2lcgft
=655  \7$aMinutes (Records)$2lcgft
=655  \7$aDocuments administratifs.$2rvmgf$0(CaQQLa)RVMGF-000001054
=655  \7$aCorrespondance commerciale.$2rvmgf$0(CaQQLa)RVMGF-000001162
=655  \7$aProcès-verbaux.$2rvmgf$0(CaQQLa)RVMGF-000001222
=710  2\$aLabor Archives of Washington,$ehost institution.
=856  42$uhttp://archiveswest.orbiscascade.org/ark:/80444/xv23141$zConnect to the online finding aid for this collection.
=049  \\$aWAUW

