=LDR  02321cpcaa22001933i 4500
=001  912933333
=008  150702i19401990xx\\\\\\\\\\\\\\\\\\eng\d
=005  20230628144836.9
=040  \\$aWAU$beng$edacs$cWAU$dWAU
=100  1\$aKrasnowsky, Frank,$d1921-2022.
=245  10$aFrank Krasnowsky papers,$fapproximately 1940-1990.
=300  \\$a28.86 cubic feet$a(26 boxes)
=545  0\$aFrank Krasnwosky is a labor, political, and civil rights activist. Krasnowsky was an organizer and health and safety committee officer for the United Steelworkers of America in the Bethlehem Steel plant in Tacoma, Washington. There, he worked with other union activists including Eugene Dennet to make the existing union contract more powerful for the union members at Bethlehem--particulary in regards to health and safety. At one time, Krasnowsky was married to fellow socialist Clara Fraser. They divorced, and she left the SWP to form the Freedom Socialist Party. Krasnowsky's mother was a Jewish and Yiddish anarchist and his father, Harry Paxton Howard, was from an old American family and a member of the Industrial Workers of the World. His parents met in Chicago, where his mother was a garment worker and they were part of the same IWW/anarchist circles. When they left the US together in 1917 for Russia to aid the Russian Revolution, and en route Frank took his mother's name--Krasnowsky--rather than his father's to allow them to get back into Russia more easily. Instead of staying in Russia, they lived in Yokahama, Japan for 4 years where Krasnowsky's father worked as an editor of the newspapers Russia Today and New Russia. Krasnowsky is also a member of he local Jewish American community. He co-chaired the Seattle chapter of the National Yiddish Club and performed as part of the musical duo Chutzpah. He is also the published author of short stories and poems.
=520  2\$aCorrespondence, biographical materials, speeches, article texts, and collected subject files of Frank Krasnowsky
=506  \\$aOpen to all users.
=540  \\$aCreator's literary rights transferred to the University of Washington Libraries.
=555  0\$aFinding aid available in the repository and on the World Wide Web.
=856  42$uhttps://archiveswest.orbiscascade.org/ark:80444/xv34790$zConnect to the online finding aid for this collection
=049  \\$aWAUW

