=LDR  03276cimaa2200505 i 4500
=001  907485991
=008  150416s1971\\\\wau\\nn\\\\\\\\z\\n\eng\d
=005  20221207175749.2
=007  ss\lunjlc|p||e
=040  \\$aWAU$beng$erda$edacs$cWAU$dWAU$dOCLCQ$dWAU$dOCLCO$dOCLCF$dOCLCO$dWAU
=041  0\$heng
=043  \\$an-us-wa
=046  \\$k1971~$2edtf
=100  1\$aLambert, George W.,$d1912-1971,$ecreator.
=245  10$aGeorge Lambert recordings.
=264  \0$capproximately 1971
=300  \\$a16 audiocassettes$a(1 box)
=336  \\$aspoken word$bspw$2rdacontent
=337  \\$aaudio$bs$2rdamedia
=338  \\$aaudiocassette$bss$2rdacarrier
=386  \\$aWashingtonians (Washington State)$aTennesseans$2lcdgt
=386  \\$aMen$2lcdgt
=545  0\$aGeorge Wilson Lambert (1912-1971) was the administrative secretary of the Seattle-Tacoma Newspaper Guild, Local 82 (later called the Pacific Northwest Newspaper Guild) from 1955 until his death on May 16th, 1971. Lambert was born in Dyersburg, Tennessee. He came to the Puget Sound area before World War II and worked for Puget Sound Power and Light and The Seattle Time circulation department from 1943-1955. He was the chief negotiator of a team negotiating a contract with The Seattle Times and The Seattle Post-Intelligencer at the time of his death.
=520  2\$aThis collection of recordings includes meeting tapes created by Lambert during the course of his work for the Guild. These tapes were probably all recorded circa 1971. Most of the tapes are undated, but some do have a year designation of 1971.
=506  \\$aOpen to all users, but due to the fragility of archival tape recordings, users will be required to arrange for transfer to digital format before the material can be accessed. Please contact Special Collections for further information.
=540  \\$aCreator's literary rights transferred to the University of Washington Libraries.
=600  10$aLambert, George W.,$d1912-1971$vArchives.
=650  \0$aNewspaper employees$zWashington (State)$zSeattle$vArchives.
=650  \0$aNewspaper employees$xLabor unions$zWashington (State)$zSeattle$xHistory$vSources.
=650  \0$aNewspaper employees$xLabor unions$zWashington (State)$zTacoma$xHistory$vSources.
=650  \6$aJournaux$0(CaQQLa)201-0154177$xPersonnel$0(CaQQLa)201-0154177$zWashington (État)$0(CaQQLa)201-0394837$zSeattle$0(CaQQLa)201-0394837$vArchives.$0(CaQQLa)201-0378256
=650  \7$aNewspaper employees.$2fast$0(OCoLC)fst01037060
=650  \7$aNewspaper employees$xLabor unions.$2fast$0(OCoLC)fst01037061
=651  \7$aWashington (State)$zSeattle.$2fast$0(OCoLC)fst01204940
=651  \7$aWashington (State)$zTacoma.$2fast$0(OCoLC)fst01205636
=655  \7$asound recordings.$2aat$0(CStmoGRI)aatgf300028633
=655  \7$aArchives.$2fast$0(OCoLC)fst01423700
=655  \7$aHistory.$2fast$0(OCoLC)fst01411628
=655  \7$aSound recordings.$2fast$0(OCoLC)fst01411639
=655  \7$aSources.$2fast$0(OCoLC)fst01423900
=655  \7$aSound recordings.$2lcgft
=655  \7$aEnregistrements sonores.$2rvmgf$0(CaQQLa)RVMGF-000000201
=710  2\$aLabor Archives of Washington,$ecurator.
=856  42$uhttp://archiveswest.orbiscascade.org/ark:/80444/xv31069$zConnect to the finding aid for this collection
=049  \\$aWAUW

