=LDR  06940cpc a22009857i 4500
=001  123949394
=008  070503i19221972xx\\\\\\\\\\\\\\\\\\eng\d
=005  20220725024115.1
=040  \\$aWAU$beng$erda$edacs$cWAU$dWAU$dOCLCQ$dOCLCO$dOCLCA$dOCLCF$dOCLCA$dOCLCQ$dOCLCO$dOCLCA$dOCLCO$dOCLCQ$dOCLCO$dOCL
=043  \\$an-us-wa
=046  \\$k1922$l1972
=100  1\$aMiller, Elmer,$d1898-1978,$ecreator.
=245  10$aElmer Miller papers.
=264  \0$c1922-1972.
=300  \\$a8.8$fcubic feet$a(23 boxes) plus 6 audiocassettes
=336  \\$atext$btxt$2rdacontent
=336  \\$aspoken word$bspw$2rdacontent
=337  \\$aaudio$bs$2rdamedia
=338  \\$asheet$bnb$2rdacarrier
=338  \\$aaudiocassette$bss$2rdacarrier
=386  \\$nnat$aWashingtonians (Washington State)$2lcdgt
=386  \\$nocc$aTeachers$2lcdgt
=500  \\$aForms a part of the Labor Archives of Washington.
=520  2\$aCorrespondence, subject files, press clippings, reports and ephemera related to Miller's activities in politics and teachers organizations. Included are records created in the course of his work in organizations affiliated with the American Federation of Teachers. A major subgroup of records reflects Miller's work in various roles in the Seattle Federation of Teachers, Local 200 of the AFT, including correspondence (1935-1966) and newsletters. A second major subgroup derives from Miller's activism in the Washington State Federation of Teachers and its short-lived predecessor, the Washington Joint Council of Teachers. This includes correspondence, Executive Board minutes, and convention records (1937-1966). Major subject areas represented in the Elmer Miller papers are Seattle School Board election campaigns, school district finances, teacher salaries, Washington State law concerning funding of education, collective bargaining in the schools, and the competition between the National Education Association and American Federation of Teachers affiliates to represent teachers in Washington State. The papers include cassette tape recordings, with accompanying transcript, of a 1967 interview by Richard C. Berner and Steven Uthoff of Miller, describing Miller's early years in politics and the teaching profession in Seattle. There are also 6 sound cassettes of recorded interviews.
=506  \\$aNo restrictions on access.
=540  \\$aSome restrictions exist on duplication, quotation, or publication. Contact the repository for details.
=545  0\$aElmer Miller, born in 1898, was a teacher, political activist, and trade unionist. Miller grew up in Adams County, Washington, attended Washington State College, and started teaching high school history in Pasco, Washington in 1926. He taught at Queen Anne High School in Seattle from 1930 until his retirement in 1963. He was active in local politics and in teachers' organizations. Miller was active in affiliates of the American Federation of Teachers, including the Washington State Federation of Teachers (WSFT), the Seattle Federation of Teachers (Local 200 of the AFT), and related organizations. He served as President of the WSFT in 1947-1948 and of the Seattle Federation of Teachers, 1952-1957. Miller died in 1978 in Seattle.
=541  \\$cAcquired from$aElmer Miller, September 01, 1967, November 19, 1967, and February 10, 1969; Roger Miller, August 13, 1981.
=600  10$aMiller, Elmer,$d1898-1978$vArchives.
=600  10$aMiller, Elmer,$d1898-1978$vInterviews.
=610  20$aAmerican Federation of Teachers.$bLocal 200 (Seattle, Wash.)
=610  20$aWashington State Federation of Teachers.
=610  20$aSeattle Public Schools.
=650  \0$aTeachers$zWashington (State)$zSeattle.
=650  \0$aTeachers' unions$zWashington (State)$zSeattle.
=650  \0$aEducation$zWashington (State)$zSeattle.
=650  \0$aCollective bargaining$zWashington (State)$zSeattle.
=650  \0$aLabor unions$zWashington (State)$zSeattle.
=650  \0$aLabor$zWashington (State)$zSeattle.
=650  \0$aLabor movement$zWashington (State)$zSeattle.
=650  \6$aEnseignants$0(CaQQLa)201-0005381$zWashington (État)$0(CaQQLa)201-0394837$zSeattle.$0(CaQQLa)201-0394837
=650  \6$aNégociations collectives$0(CaQQLa)201-0029860$zWashington (État)$0(CaQQLa)201-0394837$zSeattle.$0(CaQQLa)201-0394837
=650  \6$aSyndicats$0(CaQQLa)201-0007001$zWashington (État)$0(CaQQLa)201-0394837$zSeattle.$0(CaQQLa)201-0394837
=650  \6$aTravail$0(CaQQLa)201-0093408$zWashington (État)$0(CaQQLa)201-0394837$zSeattle.$0(CaQQLa)201-0394837
=650  \6$aMouvement ouvrier$0(CaQQLa)201-0078721$zWashington (État)$0(CaQQLa)201-0394837$zSeattle.$0(CaQQLa)201-0394837
=610  27$aSeattle Public Schools.$2fast$0(OCoLC)fst00581826
=610  27$aWashington State Federation of Teachers.$2fast$0(OCoLC)fst00642590
=650  \7$aCollective bargaining.$2fast$0(OCoLC)fst00867190
=650  \7$aEducation.$2fast$0(OCoLC)fst00902499
=650  \7$aLabor.$2fast$0(OCoLC)fst00989798
=650  \7$aLabor movement.$2fast$0(OCoLC)fst00990079
=650  \7$aLabor unions.$2fast$0(OCoLC)fst00990260
=650  \7$aTeachers.$2fast$0(OCoLC)fst01144248
=650  \7$aTeachers' unions.$2fast$0(OCoLC)fst01144535
=651  \7$aWashington (State)$zSeattle.$2fast$0(OCoLC)fst01204940
=655  \7$aPhotographs.$2fast$0(OCoLC)fst01423689
=655  \2$aPhotograph$0(DNLM)D059036
=655  \2$aInterview$0(DNLM)D017203
=655  \2$aEphemera$0(DNLM)D019502
=655  \7$aphotographs.$2aat$0(CStmoGRI)aatgf300046300
=655  \7$asound recordings.$2aat$0(CStmoGRI)aatgf300028633
=655  \7$ainterviews.$2aat$0(CStmoGRI)aatgf300026392
=655  \7$aprinted ephemera.$2aat$0(CStmoGRI)aatgf300264821
=655  \7$aArchives.$2fast$0(OCoLC)fst01423700
=655  \7$aEphemera.$2fast$0(OCoLC)fst01919921
=655  \7$aInterviews.$2fast$0(OCoLC)fst01423832
=655  \7$aNewsletters.$2fast$0(OCoLC)fst01919943
=655  \7$aPersonal correspondence.$2fast$0(OCoLC)fst01919948
=655  \7$aSound recordings.$2fast$0(OCoLC)fst01411639
=655  \7$aPersonal correspondence.$2lcgft
=655  \7$aSound recordings.$2lcgft
=655  \7$aInterviews.$2lcgft
=655  \7$aEphemera.$2lcgft
=655  \7$aNewsletters.$2lcgft
=655  \7$aPhotographs.$2lcgft
=655  \7$aPhotographies.$2rvmgf$0(CaQQLa)RVMGF-000001676
=655  \7$aCorrespondance privée.$2rvmgf$0(CaQQLa)RVMGF-000001056
=655  \7$aEnregistrements sonores.$2rvmgf$0(CaQQLa)RVMGF-000000201
=655  \7$aInterviews.$2rvmgf$0(CaQQLa)RVMGF-000000446
=655  \7$aDocuments éphémères.$2rvmgf$0(CaQQLa)RVMGF-000001046
=655  \7$aLettres d'informations.$2rvmgf$0(CaQQLa)RVMGF-000001104
=710  2\$aLabor Archives of Washington (University of Washington),$ehost institution.
=740  0\$aAcc1086-001.
=856  42$uhttp://archiveswest.orbiscascade.org/ark:/80444/xv64706/$zConnect to the online finding aid for this collection
=049  \\$aWAUW

