=LDR  07836cpcaa2200889 i 4500
=001  1122744160
=008  191009i19761997wau\\\\\\\\\\\\\\\\\eng\d
=005  20220527112430.1
=040  \\$aWAU$beng$erda$edacs$cWAU$dWAU$dOCLCF$dWAU$dOCLCO$dOCLCA$dOCLCO
=046  \\$o1976$p1997$2edtf
=110  2\$aRadical Women,$ecreator.
=245  10$aRadical Women National Office (Seattle) records.
=264  \0$c1976-1998.
=300  \\$a1.28 cubic feet$a(1 box)
=336  \\$atext$btxt$2rdacontent
=337  \\$aunmediated$bn$2rdamedia
=338  \\$asheet$bnb$2rdacarrier
=500  \\$aForms part of the Labor Archives of Washington.
=541  \\$cDonated by:$aHelen Gilbert.
=545  1\$aRadical Women (RW) is a socialist feminist organization. RW sought to become the socialist wing of the feminist movement. The organization was founded in Seattle in 1967 when Freedom Socialist Party co-founder Clara Fraser and her close colleague, Gloria Martin, joined with young women from Students for a Democratic Society to build women's leadership in the left and anti-war movements. In 1973, RW formally affiliated with the Freedom Socialist Party, and the party gained a sister organization. Other founding members include Melba Windoffer and Susan Stern. RW is active in intersectional feminist socialist organizing against racism, sexism, homophobia, fascism, and labor exploitation. Their political analysis sees women's political action as essential in creating social change and trains women to lead these campaigns. They have been especially active in pressuring other feminist organizations into better representing women of color and the LBGTQ+ community.
=520  2\$aThe Radical Women National Office records (1976-1998) documents the activities of the national office of the organization, based in Seattle, Washington. They were collected and maintained by Clara Fraser, the co-founder and officer of Radical Women and the Freedom Socialist Party. This collection documents the evolution and collective actions of nationally recognized socialist feminist leaders from 1976-1998. The perspectives from leaders of the national office provides context to how RW has worked and grown their organization via the aid and creation of local offices. The records are especially valuable for researchers seeking to understand how radical organizations and movements evolve and shift through decades of adversity and pushback from the mainstream media and an inhospitable political environment. This collection provides access to communication among the local and national RW organizers as well as materials concerning mass work such as the protection of Roe vs. Wade, the Seattle City Light fight for affirmative action for tradeswomen electrical workers, the collaborative 1997 Feminist Brigade to Cuba, the landmark Freeway Hall Case, and drafts of RW literature such as the Radical Women Manifesto. Materials include correspondence, articles, newspaper clippings, press release materials, fliers, event programs, edited drafts and speeches, itineraries, legal documents, conference/event planning, and official newsletters. The content of the materials concern the organization's planned events, recruitment, and opening communication channels that are centered on social activism, intersectional feminism, and providing a platform for feminist speakers.
=506  \\$aNo restrictions on access.
=540  \\$aCreator's copyrights transferred to the University of Washington Libraries Special Collections.
=546  \\$aCollection materials are in English.
=544  1\$nRelated materials available in the following collections of the repository:$dRadical Women Seattle Office records,$dClara Fraser papers,$dMegan Cornish papers,$dHeidi Durham papers,$dFreedom Socialist Party Seattle Branch records.
=610  20$aRadical Women$vArchives.
=610  20$aRadical Women$vRecords and correspondence.
=650  \0$aFeminism$zWashington (State)$zSeattle.
=650  \0$aWomen's rights$zWashington (State)$zSeattle.
=650  \0$aWomen and socialism$zWashington (State)$zSeattle.
=650  \0$aWomen$zWashington (State)$xSocieties and clubs.
=650  \0$aLabor$zWashington (State)$zSeattle.
=650  \0$aLabor unions$zWashington (State)$zSeattle.
=650  \0$aLabor movement$zWashington (State)$zSeattle.
=650  \6$aFéminisme$0(CaQQLa)201-0007054$zWashington (État)$0(CaQQLa)201-0394837$zSeattle.$0(CaQQLa)201-0394837
=650  \6$aFemmes$0(CaQQLa)201-0007040$xDroits$0(CaQQLa)201-0007040$zWashington (État)$0(CaQQLa)201-0394837$zSeattle.$0(CaQQLa)201-0394837
=650  \6$aFemmes et socialisme$0(CaQQLa)201-0007010$zWashington (État)$0(CaQQLa)201-0394837$zSeattle.$0(CaQQLa)201-0394837
=650  \6$aFemmes$0(CaQQLa)201-0065397$zWashington (État)$0(CaQQLa)201-0395184$xAssociations.$0(CaQQLa)201-0065397
=650  \6$aTravail$0(CaQQLa)201-0093408$zWashington (État)$0(CaQQLa)201-0394837$zSeattle.$0(CaQQLa)201-0394837
=650  \6$aSyndicats$0(CaQQLa)201-0007001$zWashington (État)$0(CaQQLa)201-0394837$zSeattle.$0(CaQQLa)201-0394837
=650  \6$aMouvement ouvrier$0(CaQQLa)201-0078721$zWashington (État)$0(CaQQLa)201-0394837$zSeattle.$0(CaQQLa)201-0394837
=610  27$aRadical Women.$2fast$0(OCoLC)fst00630239
=650  \7$aFeminism.$2fast$0(OCoLC)fst00922671
=650  \7$aLabor.$2fast$0(OCoLC)fst00989798
=650  \7$aLabor movement.$2fast$0(OCoLC)fst00990079
=650  \7$aLabor unions.$2fast$0(OCoLC)fst00990260
=650  \7$aWomen and socialism.$2fast$0(OCoLC)fst01177112
=650  \7$aWomen$xSocieties and clubs.$2fast$0(OCoLC)fst01176970
=650  \7$aWomen's rights.$2fast$0(OCoLC)fst01178818
=651  \7$aWashington (State)$2fast$0(OCoLC)fst01204703
=651  \7$aWashington (State)$zSeattle.$2fast$0(OCoLC)fst01204940
=655  \7$arecords (documents)$2aat$0(CStmoGRI)aatgf300026685
=655  \7$abusiness records.$2aat$0(CStmoGRI)aatgf300141693
=655  \7$acommercial correspondence.$2aat$0(CStmoGRI)aatgf300026914
=655  \7$aprinted ephemera.$2aat$0(CStmoGRI)aatgf300264821
=655  \7$aArchives.$2fast$0(OCoLC)fst01423700
=655  \7$aBusiness correspondence.$2fast$0(OCoLC)fst01919897
=655  \7$aEphemera.$2fast$0(OCoLC)fst01919921
=655  \7$aRecords and correspondence.$2fast$0(OCoLC)fst01423917
=655  \7$aRecords (Documents)$2fast$0(OCoLC)fst01919961
=655  \7$aRecords (Documents)$2lcgft
=655  \7$aBusiness correspondence.$2lcgft
=655  \7$aEphemera.$2lcgft
=655  \7$aDocuments administratifs.$2rvmgf$0(CaQQLa)RVMGF-000001054
=655  \7$aCorrespondance commerciale.$2rvmgf$0(CaQQLa)RVMGF-000001162
=655  \7$aDocuments éphémères.$2rvmgf$0(CaQQLa)RVMGF-000001046
=700  1\$iRelated (work):$aFraser, Clara,$d1923-1998.$tClara Fraser papers.
=700  1\$iRelated (work):$aCornish, Megan.$tMegan Cornish papers.
=700  1\$iRelated (work):$aDurham, Heidi,$d1953-2015.$tHeidi Durham papers and oral history interviews.
=710  2\$iRelated (work):$aFreedom Socialist Party (U.S.).$tFreedom Socialist Party Seattle branch records.
=710  2\$aLabor Archives of Washington,$ecurator.
=856  42$uhttp://archiveswest.orbiscascade.org/ark:/80444/xv847136$zConnect to the  finding aid for this collection
=856  42$uhttp://archiveswest.orbiscascade.org/ark:/80444/xv56640$zConnect to the finding aid for Clara Fraser papers.
=856  42$uhttp://archiveswest.orbiscascade.org/ark:/80444/xv590361$zConnect to the finding aid for Megan Cornish papers.
=856  42$uhttp://archiveswest.orbiscascade.org/ark:/80444/xv134277$zConnect to the finding aid for Heidi Durham papers and oral history interviews.
=856  42$uhttp://archiveswest.orbiscascade.org/ark:/80444/xv27291$zConnect to finding aid for Freedom Socialist Party Seattle branch records.
=049  \\$aWAUW

