=LDR  05543cpcaa2200949 i 4500
=001  123949331
=008  070503i19331972xxu\\\\\\\\\\\\\\\\\eng\d
=005  20220618231222.8
=040  \\$aWAU$beng$erda$cWAU$dWAU$dOCLCQ$dWAU$dOCLCO$dOCLCF$dOCLCO
=041  0\$aeng
=043  \\$an-us---
=046  \\$o1933$p1972$2edtf
=100  1\$aRennar, George E.,$ecreator,$ecollector.
=245  10$aGeorge E. Rennar papers.
=264  \0$c1933-1972
=300  \\$aapproximately 60.9 cubic ft.
=336  \\$atext$btxt$2rdacontent
=337  \\$aunmediated$bn$2rdamedia
=338  \\$avolume$bnc$2rdacarrier
=338  \\$asheet$bnb$2rdacarrier
=351  \\$aOrganized into 5 accessions: Accession No. 0636-001, George E. Rennar papers, before 1967; Accession No. 1656-001, George E. Rennar papers, 1937-1966; Accession No. 1656-002, George E. Rennar papers, approximately 1940-1972; Accession No. 1656-003, George E. Rennar paper entitled "The Silvershirts", 1965; Accession No. 1656-004, George E. Rennar papers, 1933-1957
=386  \\$aWashingtonians (Washington State)$2lcdgt
=386  \\$aMen$2lcdgt
=545  \\$aGeorge Edward Renner grew up in Seattle. took his law degree at the University of Washington, and worked in Washington as a lawyer. He collected literature concerning political extremism, and conducted oral interviews. More of his collection is held by the Oregon Historical Society Research Library.
=520  2\$aEphemera, news releases, newsletters, books, pamphlets, periodicals.
=506  \\$aAccess may be restricted. Contact Special Collections for details.
=540  \\$aSome restrictions exist on duplication, quotation, or publication. Contact the repository for details.
=500  \\$aProcessing levels vary. Contact the repository for details.
=541  \\$cDonated by:$aby George Rennar,$dNovember 02, 1964 July 01, 1966 January 01, 1967 February 22, 1979, February 12, 1981.
=600  10$aRennar, George E.$vArchives.
=650  \0$aNativism$xSocieties, etc.$xHistory$vSources.
=650  \0$aRadicalism$zUnited States$xHistory$vSources.
=650  \0$aMinorities$zUnited States$xHistory$vSources.
=651  \0$aUnited States$xEthnic relations$xHistory$vSources.
=650  \0$aLabor$zUnited States$xHistory$vSources.
=650  \0$aLabor unions$zUnited States$xHistory$vSources.
=650  \0$aLabor movement$zUnited States$xHistory$vSources.
=650  \6$aMouvements nativistes$0(CaQQLa)201-0023047$zÉtats-Unis$0(CaQQLa)201-0023047$xAssociations$0(CaQQLa)201-0380049$xHistoire$0(CaQQLa)201-0382350$vSources.$0(CaQQLa)201-0382350
=650  \6$aRadicalisme$0(CaQQLa)201-0008002$zÉtats-Unis$0(CaQQLa)201-0407727$xHistoire$0(CaQQLa)201-0382350$vSources.$0(CaQQLa)201-0382350
=651  \6$aÉtats-Unis$0(CaQQLa)201-0203146$xRelations interethniques$0(CaQQLa)201-0203146$xHistoire$0(CaQQLa)201-0382350$vSources.$0(CaQQLa)201-0382350
=650  \6$aTravail$0(CaQQLa)201-0093408$zÉtats-Unis$0(CaQQLa)201-0407727$xHistoire$0(CaQQLa)201-0382350$vSources.$0(CaQQLa)201-0382350
=650  \6$aMouvement ouvrier$0(CaQQLa)201-0078721$zÉtats-Unis$0(CaQQLa)201-0407727$xHistoire$0(CaQQLa)201-0382350$vSources.$0(CaQQLa)201-0382350
=650  \7$aEthnic relations.$2fast$0(OCoLC)fst00916005
=650  \7$aLabor.$2fast$0(OCoLC)fst00989798
=650  \7$aLabor movement.$2fast$0(OCoLC)fst00990079
=650  \7$aLabor unions.$2fast$0(OCoLC)fst00990260
=650  \7$aMinorities.$2fast$0(OCoLC)fst01023088
=650  \7$aRadicalism.$2fast$0(OCoLC)fst01087015
=651  \7$aUnited States.$2fast$0(OCoLC)fst01204155
=655  \7$apamphlets.$2aat$0(CStmoGRI)aatgf300220572
=655  \7$anewspaper clippings.$2aat$0(CStmoGRI)aatgf300429554
=655  \7$amanuscripts (documents)$2aat$0(CStmoGRI)aatgf300028569
=655  \7$aarticles.$2aat$0(CStmoGRI)aatgf300048715
=655  \7$aprinted ephemera.$2aat$0(CStmoGRI)aatgf300264821
=655  \7$aperiodicals.$2aat$0(CStmoGRI)aatgf300026657
=655  \7$asound recordings.$2aat$0(CStmoGRI)aatgf300028633
=655  \7$anewspapers.$2aat$0(CStmoGRI)aatgf300026656
=655  \7$anewsletters.$2aat$0(CStmoGRI)aatgf300026652
=655  \7$anews bulletins.$2aat$0(CStmoGRI)aatgf300026435
=655  \7$aArchives.$2fast$0(OCoLC)fst01423700
=655  \7$aEphemera.$2fast$0(OCoLC)fst01919921
=655  \7$aHistory.$2fast$0(OCoLC)fst01411628
=655  \7$aNewsletters.$2fast$0(OCoLC)fst01919943
=655  \7$aNewspapers.$2fast$0(OCoLC)fst01423814
=655  \7$aPeriodicals.$2fast$0(OCoLC)fst01411641
=655  \7$aSound recordings.$2fast$0(OCoLC)fst01411639
=655  \7$aSources.$2fast$0(OCoLC)fst01423900
=655  \7$aEphemera.$2lcgft
=655  \7$aPeriodicals.$2lcgft
=655  \7$aSound recordings.$2lcgft
=655  \7$aNewspapers.$2lcgft
=655  \7$aNewsletters.$2lcgft
=655  \7$aDocuments éphémères.$2rvmgf$0(CaQQLa)RVMGF-000001046
=655  \7$aPériodiques.$2rvmgf$0(CaQQLa)RVMGF-000001105
=655  \7$aEnregistrements sonores.$2rvmgf$0(CaQQLa)RVMGF-000000201
=655  \7$aJournaux.$2rvmgf$0(CaQQLa)RVMGF-000001103
=655  \7$aLettres d'informations.$2rvmgf$0(CaQQLa)RVMGF-000001104
=700  12$iManuscript of (work):$aRenner, George E.$tSilvershirts.
=710  2\$aLabor Archives of Washington,$ecurator.
=856  42$uhttps://archiveswest.orbiscascade.org/ark:/80444/xv72973$zConnect to the finding aid for this collection
=856  42$uhttps://www.lib.washington.edu/static/public/specialcollections/findingaids/0636-001.pdf$zConnect to inventory of Accession No. 0636-001
=049  \\$aWAUW

