=LDR  06645cpc a22008657i 4500
=001  123949232
=008  070503i19422000wau\\\\\\\\\\\\\\\\\eng\d
=005  20220415223036.0
=040  \\$aWAU$beng$erda$edacs$cWAU$dWAU$dOCLCQ$dWAU$dOCLCF$dOCLCQ$dOCLCO
=041  0\$heng
=043  \\$an-us-wa$an-us---
=046  \\$o1942$p2000$2edtf
=100  1\$aStarkovich, George,$ecreator.
=245  10$aGeorge Starkovich ephemera collection
=264  \0$c1942-2000.
=300  \\$a4.65 cubic feet$a(24 boxes)
=336  \\$atext$btxt$2rdacontent
=337  \\$aunmediated$bn$2rdamedia
=338  \\$asheet$bnb$2rdacarrier
=351  \\$aAccession No. 0305-001, George Starkovich collection of sociopolitical pamphlets and papers, 1935-1957. Accession No. 0305-002, George Starkovich materials regarding the WTO 1999 Seattle Ministerial Conference protests, 1999-2000.
=386  \\$aWashingtonians (Washington State)$2lcdgt
=545  1\$aGeorge Starkovich (April 27, 1922-February 26, 2014) was a senior gardener at the University of Washington and the local president of Washington Federation of State Employees Local 1488 president. He was very active as a planner and participant in the 1999 World Trade Organization Seattle Ministerial Conference protests. George Starkovich began working as a gardener at the University of Washington in January of 1965, and quickly became involved in an organizing drive on behalf of WFSE and AFSCME. Starkovich was an experienced union organizer who had served as secretary of his miner's union and shop steward at a plywood plant in Bellingham, his hometown. George served as a medic in the South Pacific during WWII. In 1954, when the House Un-American Activities Committee (HUAC) came to Seattle, Stakovich was brough before the Committee. One committee member called Starkovich "The most contemptuous witness I have seen since I have been a member of this committee." Starkovich was cited with six counts of "contempt of Congress." In 1965 the UW hired Starkovich as a full-time gardener; he organized the UW gardeners from about 200 members to 1,000 members. Starkovich was repeatedly elected vice president and president of WFSE Local 1488.
=520  2\$aEphemeral materials covering topics such as U.S. Community party and various labor unions. Contains pamphlets and papers related to sociopolitical issues like women, immigrants, workers, and civil rights from the 1930s through 1950s. Flyers, newsletters, meeting agendas, and newsclippings relating to George Starkovich's role as a planner and participant in the 1999 World Trade Organization Seattle Ministerial Conference protests.
=506  \\$aNo restrictions on access.
=540  \\$aSome restrictions exist on duplication, quotation, or publication. Contact the repository for details.
=541  \\$cGift of:$aGeorge Starkovich,$dJanuary 28, 1963
=541  \\$cReceived:$dDecember 14, 2014
=600  10$aStarkovich, George$vArchives.
=650  \0$aLabor union members$zWashington (State)$zSeattle$vArchives.
=650  \0$aLabor leaders$zWashington (State)$zSeattle$vArchives.
=610  20$aWashington Federation of State Employees$xHistory$vSources.
=610  20$aAFSCME$xHistory$vSources.
=650  \0$aLabor$zWashington (State)$zSeattle$xHistory$vSources.
=650  \0$aLabor unions$zWashington (State)$zSeattle$xHistory$vSources.
=650  \0$aLabor movement$zWashington (State)$zSeattle$xHistory$vSources.
=610  20$aWorld Trade Organization.$bMinisterial Conference$n(3rd :$d1999 :$cSeattle, Wash.)$xHistory$vSources.
=650  \0$aDemonstrations$zWashington (State)$zSeattle$xHistory$vSources.
=650  \0$aCommunism$zUnited States$xHistory$vSources.
=650  \0$aSocialism$zUnited States$xHistory$vSources.
=650  \6$aSyndiqués$0(CaQQLa)201-0268551$zWashington (État)$0(CaQQLa)201-0394837$zSeattle$0(CaQQLa)201-0394837$vArchives.$0(CaQQLa)201-0378256
=650  \6$aDirigeants syndicaux$0(CaQQLa)201-0202520$zWashington (État)$0(CaQQLa)201-0394837$zSeattle$0(CaQQLa)201-0394837$vArchives.$0(CaQQLa)201-0378256
=650  \6$aTravail$0(CaQQLa)201-0093408$zWashington (État)$0(CaQQLa)201-0394837$zSeattle$0(CaQQLa)201-0394837$xHistoire$0(CaQQLa)201-0382350$vSources.$0(CaQQLa)201-0382350
=650  \6$aSyndicats$0(CaQQLa)201-0007001$zWashington (État)$0(CaQQLa)201-0394837$zSeattle$0(CaQQLa)201-0394837$xHistoire$0(CaQQLa)201-0382350$vSources.$0(CaQQLa)201-0382350
=650  \6$aMouvement ouvrier$0(CaQQLa)201-0078721$zWashington (État)$0(CaQQLa)201-0394837$zSeattle$0(CaQQLa)201-0394837$xHistoire$0(CaQQLa)201-0382350$vSources.$0(CaQQLa)201-0382350
=650  \6$aManifestations$0(CaQQLa)201-0012239$zWashington (État)$0(CaQQLa)201-0394837$zSeattle$0(CaQQLa)201-0394837$xHistoire$0(CaQQLa)201-0382350$vSources.$0(CaQQLa)201-0382350
=650  \6$aCommunisme$0(CaQQLa)201-0037508$zÉtats-Unis$0(CaQQLa)201-0037508$xHistoire$0(CaQQLa)201-0382350$vSources.$0(CaQQLa)201-0382350
=610  27$aAFSCME.$2fast$0(OCoLC)fst00557065
=610  27$aWashington Federation of State Employees.$2fast$0(OCoLC)fst00632324
=610  27$aWorld Trade Organization.$bMinisterial Conference.$2fast$0(OCoLC)fst00733339
=650  \7$aCommunism.$2fast$0(OCoLC)fst00870421
=650  \7$aDemonstrations.$2fast$0(OCoLC)fst00890222
=650  \7$aLabor.$2fast$0(OCoLC)fst00989798
=650  \7$aLabor leaders.$2fast$0(OCoLC)fst00990029
=650  \7$aLabor movement.$2fast$0(OCoLC)fst00990079
=650  \7$aLabor union members.$2fast$0(OCoLC)fst00990256
=650  \7$aLabor unions.$2fast$0(OCoLC)fst00990260
=650  \7$aSocialism.$2fast$0(OCoLC)fst01123637
=651  \7$aUnited States.$2fast$0(OCoLC)fst01204155
=651  \7$aWashington (State)$zSeattle.$2fast$0(OCoLC)fst01204940
=655  \0$aLabor literature
=655  \7$anewspaper clippings.$2aat$0(CStmoGRI)aatgf300429554
=655  \7$aagendas (administrative records)$2aat$0(CStmoGRI)aatgf300027426
=655  \7$apublications (documents)$2aat$0(CStmoGRI)aatgf300111999
=655  \7$areports.$2aat$0(CStmoGRI)aatgf300027267
=655  \7$aArchives.$2fast$0(OCoLC)fst01423700
=655  \7$aHistory.$2fast$0(OCoLC)fst01411628
=655  \7$aNewsletters.$2fast$0(OCoLC)fst01919943
=655  \7$aSources.$2fast$0(OCoLC)fst01423900
=655  \7$aTracts (Ephemera)$2fast$0(OCoLC)fst01922572
=655  \7$aTracts (Ephemera)$2lcgft
=655  \7$aNewsletters.$2lcgft
=655  \7$aTracts.$2rvmgf$0(CaQQLa)RVMGF-000001231
=655  \7$aLettres d'informations.$2rvmgf$0(CaQQLa)RVMGF-000001104
=856  42$uhttp://archiveswest.orbiscascade.org/ark:/80444/xv48828$zConnect to the finding aid for this collection
=049  \\$aWAUW

