=LDR  05013cpc a2200793 i 4500
=001  123949522
=008  070503i19191970xx\\\\\\\\\\\\\\\\\\eng\d
=005  20220321201131.3
=040  \\$aWAU$beng$erda$edacs$cWAU$dWAU$dOCLCQ$dWAU$dOCLCF$dOCLCO
=046  \\$o1919$p1970$2edtf
=100  1\$aWeston, Evan M.,$ecreator.
=245  10$aEvan M. Weston papers.
=264  \0$c1919-1970
=300  \\$a3.22$fcubic ft.$a(2 sound cassettes, 3 phonodiscs)
=336  \\$atext$btxt$2rdacontent
=337  \\$aunmediated$bn$2rdamedia
=337  \\$aaudio$bs$2rdamedia
=338  \\$asheet$bnb$2rdacarrier
=338  \\$aspoken word$bspw$2rdacontent
=338  \\$aaudiocassette$bss$2rdacarrier
=351  \\$aOrganized into 2 accessions: Accession No. 1116-001, Weston Evan M., 1969; Accession No. 1965-001, Weston Evan M., 1919-1970.
=386  \\$aMen$2lcdgt
=386  \\$aLabor union members$2lcsh
=386  \\$aWashingtonians (Washington State)$2lcdgt
=545  0\$aEvan M. Weston, known as Ed most of his life, began his labor career as a coal miner in Black Diamond. During that time he joined the United Mine Workers. Weston left the mines in 1916 to work in Seattle in longshoring and building construction. When he started work in the shipyards he joined Local 104 of the Boilermaker's Union, served as its business representative about 1928-1937; and then served as president, 1937-1941. He was secretary of the Seattle Metal Trades Council from approximately 1933-1937, and president of the Pacific Coast Metal Trades Council from 1943-1944, having been involved in that organization since the original negotiations for a coastwide agreement. In 1945 Weston was elected President of the Washington State Federation of Labor, serving until his retirement in 1962.
=520  2\$aCorrespondence, minutes, audio recordings, case files, conference files, financial records, objects, photographs, other. Audio recordings include an  interview covering the labor movement in Seattle and the labor and politics in the state conducted by Gerald Vandenberg and Fayette Krause, April 10, 1969.
=541  \\$aAccession No. 1116-001: Acquired from  Gerald Vandenberg and Fayette Krause, Seattle, April 10, 1969.
=541  \\$aAccession No. 1965-001: Acquired from Mrs. Evan Waston, 1972 and 1980; and Don Weston, 1973.
=506  \\$aAccess restricted. Contact Special Collections for details.
=540  \\$aSome restrictions exist on duplication, quotation, or publication. Contact the repository for details.
=600  10$aWeston, Evan M.$vArchives.
=600  10$aRosellini, Albert D.$q(Albert Dean),$d1910-2011.
=600  10$aWallgren, Monrad C.$q(Monrad Charles),$d1891-1961.
=610  20$aWashington State Federation of Labor.
=610  20$aTodd Shipyards Corporation.
=610  20$aAFL-CIO.$bWashington State Labor Council.
=650  \0$aLabor unions$zWashington (State)$xHistory$vSources.
=610  20$aInternational Labour Organisation$xCongresses.
=650  \6$aSyndicats$0(CaQQLa)201-0007001$zWashington (État)$0(CaQQLa)201-0395184$xHistoire$0(CaQQLa)201-0382350$vSources.$0(CaQQLa)201-0382350
=600  17$aRosellini, Albert D.$q(Albert Dean),$d1910-2011.$2fast$0(OCoLC)fst01774718
=600  17$aWallgren, Monrad C.$q(Monrad Charles),$d1891-1961.$2fast$0(OCoLC)fst00205655
=600  17$aWeston, Evan M.$2fast$0(OCoLC)fst00238386
=610  27$aAFL-CIO.$bWashington State Labor Council.$2fast$0(OCoLC)fst00602885
=610  27$aInternational Labour Organisation.$2fast$0(OCoLC)fst00528849
=610  27$aTodd Shipyards Corporation.$2fast$0(OCoLC)fst00569525
=610  27$aWashington State Federation of Labor.$2fast$0(OCoLC)fst00630081
=650  \7$aLabor unions.$2fast$0(OCoLC)fst00990260
=651  \7$aWashington (State)$2fast$0(OCoLC)fst01204703
=655  \2$aPhotograph$0(DNLM)D059036
=655  \7$aphotographs.$2aat$0(CStmoGRI)aatgf300046300
=655  \7$asound recordings.$2aat$0(CStmoGRI)aatgf300028633
=655  \7$aArchives.$2fast$0(OCoLC)fst01423700
=655  \7$aConference materials.$2fast$0(OCoLC)fst01919904
=655  \7$aConference papers and proceedings.$2fast$0(OCoLC)fst01423772
=655  \7$aHistory.$2fast$0(OCoLC)fst01411628
=655  \7$aPersonal correspondence.$2fast$0(OCoLC)fst01919948
=655  \7$aPhotographs.$2fast$0(OCoLC)fst01423689
=655  \7$aSound recordings.$2fast$0(OCoLC)fst01411639
=655  \7$aSources.$2fast$0(OCoLC)fst01423900
=655  \7$aPersonal correspondence.$2lcgft
=655  \7$aConference materials.$2lcgft
=655  \7$aPhotographs.$2lcgft
=655  \7$aSound recordings.$2lcgft
=655  \7$aCorrespondance privée.$2rvmgf$0(CaQQLa)RVMGF-000001056
=655  \7$aDocuments de congrès.$2rvmgf$0(CaQQLa)RVMGF-000001050
=655  \7$aPhotographies.$2rvmgf$0(CaQQLa)RVMGF-000001676
=655  \7$aEnregistrements sonores.$2rvmgf$0(CaQQLa)RVMGF-000000201
=856  42$uhttps://archiveswest.orbiscascade.org/ark:/80444/xv17507?$zConnect to the online finding aid for this collection.
=049  \\$aWAUW

