=LDR  02717cpcaa2200565 i 4500
=001  948684305
=008  160504i19851987wau\\\\\\\\\\\\\\\\\eng\d
=005  20220629011150.2
=040  \\$aWAU$beng$edacs$erda$cWAU$dWAU$dOCLCF$dWAU$dOCLCO
=041  0\$aeng
=043  \\$an-us---
=046  \\$k1985$l1987$2edtf
=100  1\$aWhitman, Frank$c(Of the Inlandboatmen's Union of the Pacific),$ecreator.
=245  10$aFrank Whitman collection on Inlandboatmen's Union of the Pacific Strike Against Crowley Maritime Corporation.
=264  \0$c1985-1987.
=300  \\$a.21 cubic feet$f(1 box)
=336  \\$atext$btxt$2rdacontent
=337  \\$aunspecified$bz$2rdamedia
=338  \\$asheet$bnb$2rdacarrier
=545  0\$aFrank Whitman is a retired Inlandboatmen's Union of the Pacific member.
=520  2\$aMaterials gathered in the course of the IBU's strike against Crowley Maritime Corporation.
=506  \\$aNo restrictions on access.
=540  \\$aCreator's copyrights transferred to the University of Washington Libraries Special Collections.
=500  \\$aForms part of the Labor Archives of Washington.
=541  \\$cAcquired from$aFrank Whitman on$d2015-04-09.
=546  \\$aMaterials in English.
=600  10$aWhitman, Frank$c(Of the Inlandboatmen's Union of the Pacific)$vArchives.
=610  20$aInland Boatmen's Union of the Pacific$vArchives.
=610  20$aCrowley Maritime Corporation$xManagement.
=650  \0$aLabor unions$zUnited States.
=650  \0$aLabor movement$zUnited States.
=650  \0$aStrikes and lockouts$zUnited States.
=650  \0$aCollective bargaining$zUnited States.
=650  \0$aLabor$zUnited States.
=650  \6$aMouvement ouvrier$0(CaQQLa)201-0078721$zÉtats-Unis.$0(CaQQLa)201-0407727
=650  \6$aNégociations collectives$0(CaQQLa)201-0029860$zÉtats-Unis.$0(CaQQLa)201-0407727
=650  \6$aTravail$0(CaQQLa)201-0093408$zÉtats-Unis.$0(CaQQLa)201-0407727
=610  27$aCrowley Maritime Corporation.$2fast$0(OCoLC)fst00754447
=610  27$aInland Boatmen's Union of the Pacific.$2fast$0(OCoLC)fst00626637
=650  \7$aCollective bargaining.$2fast$0(OCoLC)fst00867190
=650  \7$aLabor.$2fast$0(OCoLC)fst00989798
=650  \7$aLabor movement.$2fast$0(OCoLC)fst00990079
=650  \7$aLabor unions.$2fast$0(OCoLC)fst00990260
=650  \7$aManagement.$2fast$0(OCoLC)fst01007141
=650  \7$aStrikes and lockouts.$2fast$0(OCoLC)fst01135030
=651  \7$aUnited States.$2fast$0(OCoLC)fst01204155
=655  \7$aArchives.$2fast$0(OCoLC)fst01423700
=710  2\$aLabor Archives of Washington,$ecurator.
=856  42$uhttp://archiveswest.orbiscascade.org/ark:/80444/xv93008$zConnect to the online finding aid for this collection
=049  \\$aWAUW

