=LDR  04313camaa2200721 i 4500
=001  1240430724
=008  210304s2003\\\\wau\\\\\\\\\\\000\0\eng\d
=005  20220604024851.4
=040  \\$aWAU$beng$erda$edacs$cWAU$dWAU$dOCLCO$dOCL$dOCLCO
=041  0\$heng
=043  \\$an-us-wa
=046  \\$k2003$2edtf
=100  1\$aAndes, Henry,$einterviewee.
=245  10$aHenry Andes interview transcript.
=264  \0$c2003
=300  \\$a1 transcript (32 leaves + 1 summary leaf)
=336  \\$atext$btxt$2rdacontent
=337  \\$aunmediated$bn$2rdamedia
=338  \\$asheet$bnb$2rdacarrier
=386  \\$aWashingtonians (Washington State)$2lcdgt
=500  \\$aTypescript.
=545  0\$aHenry Andes, electrician and business representative for IBEW local 46, Seattle.
=520  2\$aAndes discusses the politics of racial integration in the building trades from 1969-1975, and also touches upon the social composition of the post-World War II electrician's union, the evolution of the construction industry, and local labor politics. In the interview, Andes claims to have witnessed Tyree Scott (later the head of the United Construction Workers Association, a movement to integrate the building trades) apply for union membership. The interview also describes his experience during a protest by African American construction workers and the UCWA at a Seattle Central Community College construction site in June of 1972. Site workers Austin St. Laurent (then head of the Building Trades union) and Mr. Andes were assaulted by some of the protesters.
=518  \\$aInterview conducted by Trevor Griffey in 2003.
=506  \\$aOpen to all users.
=540  \\$aSome restrictions exist on copying, quotation or publication. Contact Special Collections for details.
=541  \\$cDonated by:$aTrevor Griffey,$dMarch 1, 2004.
=546  \\$aCollection materials are in English.
=600  10$aAndes, Henry,$einterviewee.
=650  \0$aConstruction industry$zWashington (State)
=650  \0$aRace discrimination$zWashington (State)
=650  \0$aDiscrimination in employment$zWashington (State)
=650  \0$aMinorities$xEmployment$zWashington (State)
=650  \0$aBuilding trades$xEmployees$xLabor unions$zWashington (State)
=650  \0$aLabor$zWashington (State)
=650  \0$aLabor unions$zWashington (State)
=650  \0$aLabor movement$zWashington (State)
=650  \6$aConstruction$0(CaQQLa)201-0038817$xIndustrie$0(CaQQLa)201-0038817$zWashington (État)$0(CaQQLa)201-0395184
=650  \6$aDiscrimination raciale$0(CaQQLa)201-0027147$zWashington (État)$0(CaQQLa)201-0395184
=650  \6$aDiscrimination dans l'emploi$0(CaQQLa)201-0062002$zWashington (État)$0(CaQQLa)201-0395184
=650  \6$aMinorités$0(CaQQLa)201-0066780$xTravail$0(CaQQLa)201-0066780$zWashington (État)$0(CaQQLa)201-0395184
=650  \6$aOuvriers de la construction$0(CaQQLa)201-0091173$xSyndicats$0(CaQQLa)201-0091173$zWashington (État)$0(CaQQLa)201-0395184
=650  \6$aTravail$0(CaQQLa)201-0093408$zWashington (État)$0(CaQQLa)201-0395184
=650  \6$aSyndicats$0(CaQQLa)201-0007001$zWashington (État)$0(CaQQLa)201-0395184
=650  \6$aMouvement ouvrier$0(CaQQLa)201-0078721$zWashington (État)$0(CaQQLa)201-0395184
=650  \7$aRace discrimination.$2fast$0(OCoLC)fst01086465
=650  \7$aMinorities$xEmployment.$2fast$0(OCoLC)fst01023148
=650  \7$aLabor unions.$2fast$0(OCoLC)fst00990260
=650  \7$aLabor movement.$2fast$0(OCoLC)fst00990079
=650  \7$aLabor.$2fast$0(OCoLC)fst00989798
=650  \7$aDiscrimination in employment.$2fast$0(OCoLC)fst00895050
=650  \7$aConstruction industry.$2fast$0(OCoLC)fst00875964
=650  \7$aBuilding trades$xEmployees$xLabor unions.$2fast$0(OCoLC)fst00840869
=651  \7$aWashington (State)$2fast$0(OCoLC)fst01204703
=655  \7$atranscripts.$2aat$0(CStmoGRI)aatgf300027388
=655  \7$ainterviews.$2aat$0(CStmoGRI)aatgf300026392
=655  \7$aInterviews.$2fast$0(OCoLC)fst01423832
=655  \7$aInterviews.$2lcgft
=655  \7$aInterviews.$2rvmgf$0(CaQQLa)RVMGF-000000446
=700  1\$aGriffey, Trevor,$d1975-$einterviewer.
=710  2\$aLabor Archives of Washington,$ecurator.
=856  42$uhttp://archiveswest.orbiscascade.org/ark:/80444/xv81729$zConnect to the finding aid for this collection
=049  \\$aWAUW

