=LDR  04822cpcaa22007937a 4500
=001  28376068
=008  880713i19621972xx\\\\\\\\\\\\\\\\\\eng\d
=005  20220727003227.8
=010  \\$a   88797348 $bms 87001130 
=040  \\$aWaU$beng$edacs$cDLC$dWAU$dOCLCQ$dNUCMC$dWAU$dOCLCA$dOCLCF$dOCLCA$dWAU$dOCLCO$dOCLCQ
=043  \\$an-us-wa$an-us---
=100  1\$aCarr, Harry L.
=245  10$aHarry L. Carr papers,$f1962-1972.
=300  \\$a.42 cubic feet (1 box)
=545  0\$aHarry L. Carr was a trade-union official, of Seattle, Washington. In addition to his labor activites, Carr was the former president and business Representative of Carpenters District Council; president, King County Labor Council; board member, Forward Thrust; member, Seattle City Planning Commission; member, Civic Center Advisory Committee; board member, Greater Seattle Inc.; vice-chair, Metro Action Committee, 1957; vice-president United Good Neighbor Fund, 1958; director, Seattle Convention and Tourist Bureau, 1959; Board member, Seattle World Trade Center, Inc.; co-chair Citizens Emergency Committee for traffic and recreation, circa 1960.
=520  2\$aCorrespondence, speeches, minutes, and reports, chiefly concerning Carr's activities as president of Carpenters' District Council, Seattle, Washington. Includes material relating to AFL-CIO, King County Labor Council of Washington, American National Red Cross, Seattle Maritime Advisory Board, and Washington State World Fair Commission.
=506  \\$aCreator's literary rights not transferred to the University of Washington Libraries.
=540  \\$aAccess restricted: For terms of access, contact Special Collections
=541  \\$aDonated by Mr. Harry L. Carr, 12/20/1973.
=600  10$aCarr, Harry L.$vArchives.
=610  20$aAFL-CIO.$bKing County Labor Council of Washington.
=610  20$aCarpenters' District Council (Seattle, Wash.)
=610  10$aSeattle (Wash.).$bMaritime Advisory Board.
=610  10$aWashington (State).$bWorld Fair Commission (1955-1962)
=611  20$aCentury 21 Exposition$d(1962 :$cSeattle, Wash.)
=650  \0$aLabor unions$zWashington (State)
=650  \0$aCarpenters$zWashington (State)
=650  \0$aWoodworkers$zWashington (State)
=650  \0$aMerchant marine$zWashington (State)
=650  \0$aShipping$zWashington (State)
=650  \0$aExhibitions$zWashington (State)
=650  \0$aCharities$zUnited States.
=650  \0$aRed Cross and Red Crescent$zUnited States.
=650  \0$aDisaster relief.
=650  \0$aInternational relief.
=650  \0$aVoluntary health agencies$zUnited States.
=650  \2$aRelief Work$0(DNLM)D012066
=650  \6$aSyndicats$0(CaQQLa)201-0007001$zWashington (État)$0(CaQQLa)201-0395184
=650  \6$aCharpentiers$0(CaQQLa)201-0009980$zWashington (État)$0(CaQQLa)201-0395184
=650  \6$aMarine marchande$0(CaQQLa)201-0008713$zWashington (État)$0(CaQQLa)201-0395184
=650  \6$aCroix-Rouge et Croissant-Rouge$0(CaQQLa)201-0018993$zÉtats-Unis.$0(CaQQLa)201-0407727
=650  \6$aSecours aux victimes de catastrophes.$0(CaQQLa)201-0000629
=650  \6$aSecours international.$0(CaQQLa)201-0027033
=600  17$aCarr, Harry L.$2fast$0(OCoLC)fst00208232
=610  27$aAFL-CIO.$bKing County Labor Council of Washington.$2fast$0(OCoLC)fst00576124
=610  27$aCarpenters' District Council (Seattle, Wash.)$2fast$0(OCoLC)fst00628777
=610  17$aSeattle (Wash.).$bMaritime Advisory Board.$2fast$0(OCoLC)fst00628775
=610  17$aWashington (State).$bWorld Fair Commission (1955-1962)$2fast$0(OCoLC)fst00628776
=611  27$aCentury 21 Exposition.$2fast$0(OCoLC)fst01407124
=650  \7$aCarpenters.$2fast$0(OCoLC)fst00847822
=650  \7$aCharities.$2fast$0(OCoLC)fst00852404
=650  \7$aDisaster relief.$2fast$0(OCoLC)fst00894731
=650  \7$aExhibitions.$2fast$0(OCoLC)fst00918097
=650  \7$aInternational relief.$2fast$0(OCoLC)fst00977110
=650  \7$aLabor unions.$2fast$0(OCoLC)fst00990260
=650  \7$aMerchant marine.$2fast$0(OCoLC)fst01016936
=650  \7$aRed Cross and Red Crescent.$2fast$0(OCoLC)fst01092073
=650  \7$aShipping.$2fast$0(OCoLC)fst01116352
=650  \7$aVoluntary health agencies.$2fast$0(OCoLC)fst01169012
=650  \7$aWoodworkers.$2fast$0(OCoLC)fst01179911
=651  \7$aUnited States.$2fast$0(OCoLC)fst01204155
=651  \7$aWashington (State)$2fast$0(OCoLC)fst01204703
=655  \7$aArchives.$2fast$0(OCoLC)fst01423700
=710  2\$aAmerican National Red Cross.
=710  2\$aAmerican National Red Cross.$bSeattle Chapter.$bService to Military Families Committee.
=710  2\$aCentral Labor Council of Seattle and Vicinity.
=740  0\$aAcc2210-001
=856  42$uhttp://archiveswest.orbiscascade.org/ark:/80444/xv65127/$zConnect to the online finding aid for this collection.
=049  \\$aWAUW

