=LDR  06824cpcaa2200661 i 4500
=001  1287031093
=008  211202i19372017wau\\\\\\\\\\\\\\\\\eng\d
=005  20220523123847.4
=040  \\$aWAU$beng$erda$edacs$cWAU$dWAU$dOCLCA$dWAU$dOCLCF$dOCLCO
=043  \\$an-us-wa
=046  \\$k1937$l1998$2edtf
=100  1\$aDurham, Heidi,$d1953-2015,$ecreator,$einterviewee.
=245  10$aHeidi Durham papers and oral history interviews.
=264  \0$c1937-2017
=300  \\$a1.57$fcubic ft.$a(2 boxes plus audiocassettes and DVD-Rom)
=336  \\$atext$btxt$2rdacontent
=336  \\$aspoken word$bspw$2rdacontent
=337  \\$aaudio$bs$2rdamedia
=338  \\$asheet$bnb$2rdacarrier
=338  \\$aaudiocassette$bss$2rdacarrier
=338  \\$acomputer disc$bcd$2rdacarrier
=520  2\$aMaterials relating to the Electrical Trades Trainee Program at Seattle City Light and the subsequent discrimination case by most of the ETT against City Light. Also includes files on the history of City Light as a utility, ETT program head Clara Fraser and her discrimination case against City Light. The collection includes materials on the Employee Committee for Equal Rights at City Light (CERCL) as well as subject files on the 10 members of the ETT program. Oral history interviews done by Nicole Grant with Durham, and fellow ETT trainees and Radical Women members Megan Cornish, and Teri Bach are included in audio cassette and video DVD formats. The collection includes newclippings about Durham and the history of the ETT program and subsequent lawsuits.
=545  0\$aHeidi Durham (1953-2015) was a participant in Seattle City Light's Electrical Trades Trainee (ETT) Program in the early 1970s, and was one of the first women to be admitted to an apprenticeship program in City Light's skilled trades. When the City eliminated the Electrical Trades Trainee Program punitively for the activism of the programs director and the participants, Durham was one of the plaintiffs in a civil rights complaint which restored the program's participants ability to get skilled craft training and continued employment. Heidi Durham was born and raised in San Pedro, California in 1954, and moved to Bellingham, Washington in 1971 to attend Western Washington University. She moved to Seattle in 1973 and joined Radical Women, a socialist feminist organization led by Clara Fraser. Durham began working in the food service industry. In 1974, Fraser was tasked with creating a recruitment and training program for female electrical workers at Seattle City Light, the Electrical Trades Trainee (ETT). Durham was recruited in a competitive application process and, at 21, became the youngest of the 10-member ETT program. As one of three Radical Women members among the group, Durham played a leading role in the struggle for gender and race equity at the utility, where she co-founded the Employee Committee for Equal Rights at City Light (CERCLE) in 1983, and in her union, International Brotherhood of Electrical Workers, Local 77. Following a landmark verdict on behalf of the women in January of 1976, Durham became one of the first women admitted to City Light's Line Worker apprenticeship program. Durham worked on the line crews until suffering a broken back in a near-fatal fall from the top of an electrical pole in 1977. Durham was partially paralyzed but fought to continue working in the field, returning to City Light as a Junior Power Station Operator. When she retired in 2004, she held the title of Senior Power Station Operator. Through her longtime leadership in Radical Women and the Freedom Socialist Party, Durham participated in various political causes. In 1984, Durham co-founded the Ad Hoc Committee for Fair Employment and Open Housing, which successfully organized community support to defend and strengthen Seattle anti-discrimination laws. Durham was also a writer. In 1982, she wrote The War on the Disabled: Adding Insult to Injury and co-authored Women Workers: Sparkplugs of Labor with Megan Cornish in 1990. In 1991, Durham campaigned for City Council on the Freedom Socialist Party ticket. That same year, she was named Active Advocate of the Year, along with fellow ETT pioneer Megan Cornish, by Washington Women in the Trades. In 2004, Durham was a member of the Seattle Organizing Committee for the Million Worker March on Washington, D.C. and was a featured speaker at the event. Durham died in August of 2015 at the age of 62.
=506  \\$aNo restrictions on access to paper-based materials. No user access copy is currently available for the audio cassettes. The DVD-R can be previewed onsite in the Special Collections Reading Room during open hours. Contact Special Collections for more information or to inquire about reproductions.
=540  \\$aCreator's copyrights transferred to the University of Washington Libraries Special Collections.
=600  10$aDurham, Heidi,$d1953-2015$vArchives.
=610  20$aSeattle City Light$xTrials, litigation, etc.
=610  20$aRadical Women.
=610  20$aFreedom Socialist Party (U.S.)
=610  20$aInternational Brotherhood of Electrical Workers.$bLocal 77 (Seattle, Wash.)
=610  27$aFreedom Socialist Party (U.S.)$2fast$0(OCoLC)fst00561219
=610  27$aRadical Women.$2fast$0(OCoLC)fst00630239
=610  27$aSeattle City Light.$2fast$0(OCoLC)fst00685373
=655  \2$aEphemera$0(DNLM)D019502
=655  \7$aprinted ephemera.$2aat$0(CStmoGRI)aatgf300264821
=655  \7$aoral histories (literary works)$2aat$0(CStmoGRI)aatgf300202595
=655  \7$asound recordings.$2aat$0(CStmoGRI)aatgf300028633
=655  \7$aArchives.$2fast$0(OCoLC)fst01423700
=655  \7$aEphemera.$2fast$0(OCoLC)fst01919921
=655  \7$aOral histories.$2fast$0(OCoLC)fst01726295
=655  \7$aPersonal correspondence.$2fast$0(OCoLC)fst01919948
=655  \7$aRecords (Documents)$2fast$0(OCoLC)fst01919961
=655  \7$aSound recordings.$2fast$0(OCoLC)fst01411639
=655  \7$aTrials, litigation, etc.$2fast$0(OCoLC)fst01423712
=655  \7$aRecords (Documents)$2lcgft
=655  \7$aEphemera.$2lcgft
=655  \7$aPersonal correspondence.$2lcgft
=655  \7$aOral histories.$2lcgft
=655  \7$aSound recordings.$2lcgft
=655  \7$aDocuments administratifs.$2rvmgf$0(CaQQLa)RVMGF-000001054
=655  \7$aDocuments éphémères.$2rvmgf$0(CaQQLa)RVMGF-000001046
=655  \7$aCorrespondance privée.$2rvmgf$0(CaQQLa)RVMGF-000001056
=655  \7$aHistoires orales.$2rvmgf$0(CaQQLa)RVMGF-000312406
=655  \7$aEnregistrements sonores.$2rvmgf$0(CaQQLa)RVMGF-000000201
=710  2\$aLabor Archives of Washington,$ecurator.
=851  \\$aUniversity of Washington Libraries$c(Seattle)
=856  42$uhttps://archiveswest.orbiscascade.org/ark:/80444/xv134277/$zConnect to the online finding aid for this collection.
=049  \\$aWAUW

