=LDR  05487cpcaa2201009Ii 4500
=001  908575987
=008  150507i19102002xx\\\\\\\\\\\\\\\\\\eng\d
=005  20220802035030.4
=040  \\$aWAU$beng$erda$edacs$cWAU$dWAU$dOCLCO$dWAU$dOCLCA$dWAU$dOCLCA$dOCLCF$dWAU$dOCLCO$dWAU$dOCLCO$dOCL
=046  \\$k1910$l2002
=100  1\$aGibson, Harold J.,$d1913-1984,$ecreator.
=245  10$aHarold J. Gibson papers.
=264  \0$capproximately 1910s-2002
=300  \\$a15.17$fcubic feet$a(19 boxes)
=336  \\$atext$btxt$2rdacontent
=336  \\$astill image$bsti$2rdacontent
=337  \\$aunmediated$bn$2rdamedia
=338  \\$asheet$bnb$2rdacarrier
=386  \\$aMen$2lcdgt
=545  0\$aHarold J. Gibson was the president of the International Association of Machinists, District 751 during the late 1930s-1960s and an IAM international vice president. Gibson was one of the founding officers of the Aero Mechanics Union (predecessor of IAM 751), the machinist's union at Boeing. Gibson was close friends with John L. O'Brien, Speaker of the House of Representatives, and was connected to senators Warren Magnuson, Henry "Scoop" Jackson, Brock Adams, Governor A.D. Rosellini, and Bill Boeing.
=520  2\$aMaterials relating to Harold Gibson's life and his career as an officer in the International Association of Machinists, District 751.
=500  \\$aForms part of the Labor Archives of Washington.
=506  \\$aOpen to all users.
=600  10$aGibson, Harold J.,$d1913-1984$vArchives.
=610  20$aInternational Association of Machinists and Aerospace Workers$vConstitution.
=610  20$aInternational Association of Machinists and Aerospace Workers$vCongresses.
=610  20$aInternational Association of Machinists and Aerospace Workers.$bDistrict 751.
=610  20$aBoeing Aircraft Company$xEmployees.
=610  20$aWashington State Federation of Labor$vCongresses.
=650  \0$aLabor unions$zWashington (State)
=650  \0$aLabor movement$zWashington (State)
=650  \0$aLabor$zWashington (State)
=650  \0$aLabor union members$zWashington (State)
=650  \0$aCollective bargaining$zWashington (State)
=650  \0$aMachinists$xLabor unions$zWashington (State)
=650  \0$aAviation mechanics (Persons)$xLabor unions$zWashington (State)
=650  \6$aSyndicats$0(CaQQLa)201-0007001$zWashington (État)$0(CaQQLa)201-0395184
=650  \6$aMouvement ouvrier$0(CaQQLa)201-0078721$zWashington (État)$0(CaQQLa)201-0395184
=650  \6$aTravail$0(CaQQLa)201-0093408$zWashington (État)$0(CaQQLa)201-0395184
=650  \6$aSyndiqués$0(CaQQLa)201-0268551$zWashington (État)$0(CaQQLa)201-0395184
=650  \6$aNégociations collectives$0(CaQQLa)201-0029860$zWashington (État)$0(CaQQLa)201-0395184
=610  27$aBoeing Aircraft Company.$2fast$0(OCoLC)fst00516498
=610  27$aInternational Association of Machinists and Aerospace Workers.$2fast$0(OCoLC)fst00545485
=610  27$aWashington State Federation of Labor.$2fast$0(OCoLC)fst00630081
=650  \7$aCollective bargaining.$2fast$0(OCoLC)fst00867190
=650  \7$aEmployees.$2fast$0(OCoLC)fst00909111
=650  \7$aLabor.$2fast$0(OCoLC)fst00989798
=650  \7$aLabor movement.$2fast$0(OCoLC)fst00990079
=650  \7$aLabor union members.$2fast$0(OCoLC)fst00990256
=650  \7$aLabor unions.$2fast$0(OCoLC)fst00990260
=650  \7$aMachinists$xLabor unions.$2fast$0(OCoLC)fst01005118
=651  \7$aWashington (State)$2fast$0(OCoLC)fst01204703
=655  \7$aPhotographs.$2fast$0(OCoLC)fst01423689
=655  \2$aLetter$0(DNLM)D016422
=655  \2$aEphemera$0(DNLM)D019502
=655  \2$aPhotograph$0(DNLM)D059036
=655  \7$aphotographs.$2aat$0(CStmoGRI)aatgf300046300
=655  \7$aconstitutions.$2aat$0(CStmoGRI)aatgf300027437
=655  \7$acommercial correspondence.$2aat$0(CStmoGRI)aatgf300026914
=655  \7$ascrapbooks.$2aat$0(CStmoGRI)aatgf300027341
=655  \7$aprinted ephemera.$2aat$0(CStmoGRI)aatgf300264821
=655  \7$aAlbums (Books)$2fast$0(OCoLC)fst01726784
=655  \7$aArchives.$2fast$0(OCoLC)fst01423700
=655  \7$aBusiness correspondence.$2fast$0(OCoLC)fst01919897
=655  \7$aConference materials.$2fast$0(OCoLC)fst01919904
=655  \7$aConference papers and proceedings.$2fast$0(OCoLC)fst01423772
=655  \7$aConstitution.$2fast$0(OCoLC)fst01423774
=655  \7$aConstitutions.$2fast$0(OCoLC)fst01774254
=655  \7$aEphemera.$2fast$0(OCoLC)fst01919921
=655  \7$aPersonal correspondence.$2fast$0(OCoLC)fst01919948
=655  \7$aConstitutions.$2lcgft
=655  \7$aConference materials.$2lcgft
=655  \7$aPersonal correspondence.$2lcgft
=655  \7$aBusiness correspondence.$2lcgft
=655  \7$aAlbums (Books)$2lcgft
=655  \7$aEphemera.$2lcgft
=655  \7$aPhotographs.$2lcgft
=655  \7$aConstitutions.$2rvmgf$0(CaQQLa)RVMGF-000001434
=655  \7$aDocuments de congrès.$2rvmgf$0(CaQQLa)RVMGF-000001050
=655  \7$aCorrespondance privée.$2rvmgf$0(CaQQLa)RVMGF-000001056
=655  \7$aCorrespondance commerciale.$2rvmgf$0(CaQQLa)RVMGF-000001162
=655  \7$aAlbums personnalisés.$2rvmgf$0(CaQQLa)RVMGF-000001033
=655  \7$aDocuments éphémères.$2rvmgf$0(CaQQLa)RVMGF-000001046
=655  \7$aPhotographies.$2rvmgf$0(CaQQLa)RVMGF-000001676
=710  2\$aLabor Archives of Washington,$ecurator.
=856  42$uhttp://archiveswest.orbiscascade.org/ark:/80444/xv72970/$zConnect to the online finding aid for this collection.
=049  \\$aWAUW

