=LDR  03482cpcaa22004333i 4500
=001  946091449
=008  160407i19871998xx\\\\\\\\\\\\\\\\\\eng\d
=005  20220523172348.7
=040  \\$aWAU$beng$edacs$cWAU$dWAU$dOCLCF$dOCLCA$dWAU$dOCLCO$dWAU$dOCLCO
=100  1\$aGilman, Herman$q(Herman Lawrence),$ecreator.
=245  10$aHerman Gilman collection on farmworker organizing in Washington state.
=264  \0$c1987-1998 (bulk 1994-1998).
=300  \\$a.18 cubic feet (1 box) plus 1 Oversize Vertical File
=336  \\$atext$btxt$2rdacontent
=337  \\$aunmediated$bn$2rdamedia
=338  \\$asheet$bnb$2rdacarrier
=545  0\$aHerman Gilman is a labor activist, union member, and officer who has worked as an organizer for the American Federation of State, Municipal, and County Employees (AFSCME), volunteered with Jobs with Justice, and serves as a member of the King County Central Labor Council.
=520  2\$aOne folder of materials from a class Gilman took in 1998 at the University of Massachusetts as part of a Master's Program in union organizing. Included is his paper on two different farmworker organizing campaigns in Washington state: the 1986-1995 Chateau St. Michel organizing campaign and the 1998 apple pickers organizing campaign. Included in this collection are ephemera, publications, flyers, news clippings from both campaigns, which Gilman was involved with as a labor activist and support through his work as an organizer for the American Federation of State, Municipal, and County Employees (AFSCME), Jobs with Justice, and a member of the King County Central Labor Council. The Chateau St. Michel campaign was run by the United Farm Workers of Washington State and the Apple Pickers' campaign was run by the Teamsters of central Washington State. Also included is a DVD of a 1987 panel discussion Fighting for Our Future" on farmworkers organizing. The panel includes Gilman, Jeff Johnson (then Research Director of the Washington State Labor Council); Tomas Villanueva (cofounder of the United Farm Workers of Washington State), two activists and Karen Keiser (now a state senator, then Communications Director for the Washington State Labor Council).
=506  \\$aNo restrictions on access.
=540  \\$aCreator's copyrights transferred to the University of Washington Libraries Special Collections.
=500  \\$aForms part of the Labor Archives of Washington
=650  \0$aLabor movement$zWashington (State)
=650  \0$aLabor unions$zWashington (State)
=650  \0$aLabor$zWashington (State)
=650  \6$aMouvement ouvrier$0(CaQQLa)201-0078721$zWashington (État)$0(CaQQLa)201-0395184
=650  \6$aSyndicats$0(CaQQLa)201-0007001$zWashington (État)$0(CaQQLa)201-0395184
=650  \6$aTravail$0(CaQQLa)201-0093408$zWashington (État)$0(CaQQLa)201-0395184
=650  \7$aLabor.$2fast$0(OCoLC)fst00989798
=650  \7$aLabor movement.$2fast$0(OCoLC)fst00990079
=650  \7$aLabor unions.$2fast$0(OCoLC)fst00990260
=651  \7$aWashington (State)$2fast$0(OCoLC)fst01204703
=655  \2$aEphemera$0(DNLM)D019502
=655  \7$aprinted ephemera.$2aat$0(CStmoGRI)aatgf300264821
=655  \7$aEphemera.$2fast$0(OCoLC)fst01919921
=655  \7$aEphemera.$2lcgft
=655  \7$aDocuments éphémères.$2rvmgf$0(CaQQLa)RVMGF-000001046
=710  2\$aLabor Archives of Washington,$ecurator.
=856  42$uhttp://archiveswest.orbiscascade.org/ark:/80444/xv56228$zConnect to the online finding aid for this collection
=049  \\$aWAUW

