=LDR  07428cpcaa2201153 i 4500
=001  769497230
=008  111227i18942011wau\\\\\\\\\\\\\\\\\eng\d
=005  20220327071103.5
=007  ss\lunjlc|p||e
=007  kh\bo|
=040  \\$aWAU$beng$erda$edacs$cWAU$dWAU$dOCLCQ$dWAU$dOCLCO$dOCLCF$dOCLCO$dWAU$dOCLCO
=046  \\$o1894$p2011$2edtf
=110  2\$aGraphic Communications International Union.$bLocal 767-M (Seattle, Wash.),$ecreator.
=245  10$aGraphic Communications International Union, Local 767M records.
=264  \0$c1894-2011
=300  \\$a91.23 cubic ft. (86 boxes)
=336  \\$atext$btxt$2rdacontent
=336  \\$astill image$btdi$2rdacontent
=336  \\$aspoken word$bspw$2rdacontent
=337  \\$aunmediated$bn$2rdamedia
=337  \\$aaudio$bs$2rdamedia
=338  \\$asheet$bnb$2rdacarrier
=338  \\$aobject$bnr$2rdacarrier
=338  \\$aaudiocassette$bst$2rdacarrier
=545  1\$aThe first printing union in Seattle was the International Brotherhood of Bookbinders (IBB) in 1900. Seven years later, the Seattle Web Printing Pressmen & Assistants's Union No. 26 was formed. In 1963, Local No. 26 merged with five other Washington printers' unions to create the Washington state Joint Crafts Council. In 1983, the IPGCU merged with the Graphic Arts International Union (GAIU) to form the Graphic Communications International Union (GCIU). GCIU branch 767-M was the result of the 1985 merger of PH & PPU Local 50, GCIU Local 26N and GCIU Local 530M. In 1996, GCIU Local 292-M of Portland, Oregon merged with GCIU 767-M. Additionally, between 2002 and 2003, GCIU branches in Bremerton (367-M), Olympia (182-C) and Aberdeen (262-C) merged with Local 767-M, further strengthening the Seattle branch.  The GCIU voted to join forces with Teamsters in late 2004, and merged in 2005, creating International Brotherhood of Teamsters Graphic Communications Conference. Local 767-M merged with Teamsters Local 117 in 2014 or 2015.
=520  2\$aThis collection documents the various activities of several branches of the Graphic Communications Conference of the International Brotherhood of Teamsters located in the Pacific Northwest of the United States. Correspondence, minutes, by-laws, contracts, merger files, legal files, financial records.
=500  \\$aForms a part of the Labor Archives of Washington.
=506  \\$aAccess restricted: For terms of access contact Special Collections.
=540  \\$aCreator's literary rights transferred to the University of Washington Libraries.
=541  \\$cDonated by:$aBrian Earl, president GCIU 767M,$dAugust 9, 2011.
=544  1\$nSeparated materials in the following collections of this repository:$dGraphic Communications International Union, Local 767M photographs and moving images
=610  20$aGraphic Communications International Union.$bLocal 767-M (Seattle, Wash.),$eArchives.
=610  20$aInternational Brotherhood of Teamsters.$bGraphic Communications Conference.$bLocal 767-M (Seattle, Wash.)$vArchives.
=650  \0$aPrinting industry$xEmployees$xLabor unions$zWashington (State)$xHistory$vSources.
=650  \0$aLabor$zWashington (State)$xHistory$vSources.
=650  \0$aLabor unions$zWashington (State)$xHistory$vSources.
=650  \0$aLabor movement$zWashington (State)$xHistory$vSources.
=650  \6$aIndustries graphiques$0(CaQQLa)201-0053814$xPersonnel$0(CaQQLa)201-0053814$xSyndicats$0(CaQQLa)201-0053814$zWashington (État)$0(CaQQLa)201-0395184$xHistoire$0(CaQQLa)201-0382350$vSources.$0(CaQQLa)201-0382350
=650  \6$aTravail$0(CaQQLa)201-0093408$zWashington (État)$0(CaQQLa)201-0395184$xHistoire$0(CaQQLa)201-0382350$vSources.$0(CaQQLa)201-0382350
=650  \6$aSyndicats$0(CaQQLa)201-0007001$zWashington (État)$0(CaQQLa)201-0395184$xHistoire$0(CaQQLa)201-0382350$vSources.$0(CaQQLa)201-0382350
=650  \6$aMouvement ouvrier$0(CaQQLa)201-0078721$zWashington (État)$0(CaQQLa)201-0395184$xHistoire$0(CaQQLa)201-0382350$vSources.$0(CaQQLa)201-0382350
=650  \7$aLabor.$2fast$0(OCoLC)fst00989798
=650  \7$aLabor movement.$2fast$0(OCoLC)fst00990079
=650  \7$aLabor unions.$2fast$0(OCoLC)fst00990260
=650  \7$aPrinting industry$xEmployees$xLabor unions.$2fast$0(OCoLC)fst01076698
=651  \7$aWashington (State)$2fast$0(OCoLC)fst01204703
=655  \2$aLetter$0(DNLM)D016422
=655  \2$aEphemera$0(DNLM)D019502
=655  \2$aPoster$0(DNLM)D019519
=655  \7$amembership lists.$2aat$0(CStmoGRI)aatgf300027141
=655  \7$abylaws (administrative records)$2aat$0(CStmoGRI)aatgf300027433
=655  \7$abusiness records.$2aat$0(CStmoGRI)aatgf300141693
=655  \7$aconstitutions.$2aat$0(CStmoGRI)aatgf300027437
=655  \7$apublications (documents)$2aat$0(CStmoGRI)aatgf300111999
=655  \7$areports.$2aat$0(CStmoGRI)aatgf300027267
=655  \7$afinancial records.$2aat$0(CStmoGRI)aatgf300027473
=655  \7$acommercial correspondence.$2aat$0(CStmoGRI)aatgf300026914
=655  \7$aprinted ephemera.$2aat$0(CStmoGRI)aatgf300264821
=655  \7$acollective labor agreements.$2aat$0(CStmoGRI)aatgf300027630
=655  \7$acontracts.$2aat$0(CStmoGRI)aatgf300027649
=655  \7$aposters.$2aat$0(CStmoGRI)aatgf300027221
=655  \7$aArchives.$2fast$0(OCoLC)fst01423700
=655  \7$aBusiness correspondence.$2fast$0(OCoLC)fst01919897
=655  \7$aCollective labor agreements.$2fast$0(OCoLC)fst01774247
=655  \7$aConference materials.$2fast$0(OCoLC)fst01919904
=655  \7$aContracts.$2fast$0(OCoLC)fst01774255
=655  \7$aEphemera.$2fast$0(OCoLC)fst01919921
=655  \7$aHistory.$2fast$0(OCoLC)fst01411628
=655  \7$aMinutes (Records)$2fast$0(OCoLC)fst01919940
=655  \7$aPosters.$2fast$0(OCoLC)fst01423847
=655  \7$aRecords (Documents)$2fast$0(OCoLC)fst01919961
=655  \7$aSources.$2fast$0(OCoLC)fst01423900
=655  \7$aPhotographs.$2lcdgt
=655  \7$aBusiness correspondence.$2lcgft
=655  \7$aRecords (Documents)$2lcgft
=655  \7$aMinutes (Records)$2lcgft
=655  \7$aEphemera.$2lcgft
=655  \7$aConference materials.$2lcgft
=655  \7$aCollective labor agreements.$2lcgft
=655  \7$aContracts.$2lcgft
=655  \7$aPosters.$2lcgft
=655  \7$aBy-laws.$2lcgft
=655  \7$aConstitutions.$2lcgft
=655  \7$aRegistres des membres.$2rvmgf$0(CaQQLa)RVMGF-000001718
=655  \7$aStatuts.$2rvmgf$0(CaQQLa)RVMGF-000001472
=655  \7$aDocuments administratifs.$2rvmgf$0(CaQQLa)RVMGF-000001054
=655  \7$aConstitutions.$2rvmgf$0(CaQQLa)RVMGF-000001434
=655  \7$aCorrespondance commerciale.$2rvmgf$0(CaQQLa)RVMGF-000001162
=655  \7$aProcès-verbaux.$2rvmgf$0(CaQQLa)RVMGF-000001222
=655  \7$aDocuments éphémères.$2rvmgf$0(CaQQLa)RVMGF-000001046
=655  \7$aDocuments de congrès.$2rvmgf$0(CaQQLa)RVMGF-000001050
=655  \7$aConventions collectives.$2rvmgf$0(CaQQLa)RVMGF-000001475
=655  \7$aContrats.$2rvmgf$0(CaQQLa)RVMGF-000001473
=655  \7$aAffiches.$2rvmgf$0(CaQQLa)RVMGF-000001052
=710  2\$aInternational Brotherhood of Teamsters.$bGraphic Communications Conference.$bLocal 767-M (Seattle, Wash.),$ecreator.
=710  2\$aLabor Archives of Washington,$ecurator.
=856  42$uhttp://archiveswest.orbiscascade.org/ark:/80444/xv09039$zConnect to the finding aid for this collection
=856  42$uhttp://archiveswest.orbiscascade.org/ark:/80444/xv25296$zConnect to related finding aid
=049  \\$aWAUW

