=LDR  01709cpcaa22001933  4500
=001  817994845
=008  121114nuuuuuuuuxx\\\\\\\\\\\\\\\\\\eng\d
=005  20220526175551.5
=040  \\$aWAU$beng$cWAU$dOCLCO$dWAU$dOCLCQ$dOCLCO
=110  2\$aHarry Bridges Center for Labor Studies (University of Washington),$ecollector.
=245  10$aHarry Bridges Center for Labor Studies Union Charters Collection,$f1903-1966.
=300  \\$a0.06 cubic ft. (1 oversize folder)
=520  2\$aThese charters were part of a small collection housed in the Harry Bridges Center for Labor Studies office at the University of Washington. Bridges Center associates and allies had donated them for safekeeping over time, and many of them were colected by Ross Rieder, President of the Pacific Northwest Labor History Association.
=545  1\$aThe Harry Bridges Center for Labor Studies is jointly housed in the departments of Political Science and History at the University of Washington. The Center honors the late Harry Bridges, one of the preeminent labor leaders in the U.S. Supporting research, teaching, and community outreach, the Center focuses on labor's contribution to society, and develops labor studies, broadly conceived to include working men and women everywhere, as a central concern in higher education.
=506  \\$aOpen to all users.
=540  \\$aCreator's literary rights transferred to the University of Washington Libraries.
=555  0\$aA finding aid to the papers is available in the Special Collections Division of the University of Washington Libraries and on the World Wide Web.
=856  42$uhttp://archiveswest.orbiscascade.org/ark:/80444/xv27227$zConnect to the online finding aid for this collection
=049  \\$aWAUW

