=LDR  02153cpcaa22002537a 4500
=001  123949706
=008  070503s1970\\\\xx\\\\\\\\\\\\\\\\\\eng\d
=005  20230628152545.1
=040  \\$aWAU$beng$cWAU$dOCLCQ$dWAU$dOCLCF$dOCLCQ$dWAU
=100  1\$aHuff, Henry P.
=245  10$aHenry P. Huff papers,$f1937-1999.
=246  3\$aHenry P. Huff papers
=300  \\$a2.11 cubic ft. 2 boxes, 2 tapes, 2 page partial transcript
=545  0\$aPolitical activist, labor activist. Huff joined the Industrial Workers of the World in 1917 and was a charter member of the Communist Party, USA (CPUSA); serving in Southwest Washington as a member of the District Committee and District Board of the CPUSA, participating in unemployed struggles, the 1934 Pacific Coast Maritime Strike, and the 1935 Lumber Strike. He was a member of the National Committee of the CPUSA from 1944 to 1948. Huff was also a member of the Washington Commonwealth Federation, and a Smith Act trial defendent in the 1953 case United States v. Huff.
=520  2\$aTape-recorded interview, conducted by R.C. Berner and Robert Mitchell in 1970. Also included is a partial transcript (2 pages), which covers Huff's role in the dissolution of the Washington Commonwealth Federation. Small collection of typed speeches, trial transcripts, publications, and subject files related to labor, the Communist Party of Washington State, and Huff's role as a defendant Smith Act trial of 1953 in the case of United States v. Huff. Collection includes a CD of photographs.
=506  \\$aAccess may be restricted. Contact Special Collections for details.
=540  \\$aSome restrictions exist on duplication, quotation, or publication. Contact repository for details.
=541  \\$aDonated by Henry P. Huff, 12/15/1970, and Nancy Gilbert, 02/07/2012.
=555  0\$aFinding aid available in the repository and on the World Wide Web.
=600  10$aHuff, Henry P.$vArchives.
=600  17$aHuff, Henry P.$2fast$0(OCoLC)fst00205642
=655  \7$aArchives.$2fast$0(OCoLC)fst01423700
=856  42$uhttps://archiveswest.orbiscascade.org/ark:80444/xv71051$zConnect to the online finding aid for this collection.
=049  \\$aWAUW

