=LDR  02016cpcaa2200241Ii 4500
=001  900230900
=008  150115i19992001xx\\\\\\\\\\\\\\\\\\eng\d
=005  20220507164705.5
=040  \\$aWAU$beng$cWAU$dWAU$dOCLCQ$dWAU$dOCLCF$dWAU$dOCL$dOCLCO
=110  2\$aIndependent Media Center,$ecreator.
=245  10$aIndependent Media Center materials regarding the WTO 1999 Seattle Ministerial Conference protests.
=264  \1$c1999-2001.
=300  \\$a1.59 cubic feet$a(2 boxes)
=545  1\$aThe Independent Media Center is an an international network of journalists that report on political and social issues. It was founded during the Seattle anti-WTO protests in 1999, employing an open publishing and democratic media process that allows anybody to contribute. The Independent Media Center Seattle gathered these materials in creating a documentary on the 1999 Seattle World Trade Organization Ministerial Conference protests. The resulting documentary was called "Showdown in Seattle : five days that shook the WTO." These materials were left behind by IndyMedia when they moved out of the ScanTV public access television building in Seattle. Ed Escalana gathered these materials and donated them to the UW Libraries.
=520  2\$aThe Independent Media Center Seattle gathered these materials in creating a documentary on the 1999 Seattle World Trade Organization Ministerial Conference protests. Materials include ephemera from the WTO protests, marketing materials for the documentary.
=506  \\$aOpen to all users.
=540  \\$aRights governing reproduction and publication not known.
=610  20$aIndependent Media Center.
=610  20$aWorld Trade Organization.$bMinisterial Conference$n(3rd :$d1999 :$cSeattle, Wash.)
=610  27$aIndependent Media Center.$2fast$0(OCoLC)fst00766601
=610  27$aWorld Trade Organization.$bMinisterial Conference.$2fast$0(OCoLC)fst00733339
=856  42$uhttp://archiveswest.orbiscascade.org/ark:/80444/xv47940$zConnect to the online finding aid for this collection
=049  \\$aWAUW

