=LDR  04747cpcaa2200673 i 4500
=001  123949352
=008  070503i19061972xxu\\\\\\\\\\\\\\\\\eng\d
=005  20220515013935.2
=040  \\$aWAU$beng$erda$edacs$cWAU$dWAU$dOCLCO$dOCLCQ$dWAU$dOCLCQ$dWAU$dOCLCO$dWAU$dOCLCF$dOCLCO
=041  0\$aeng
=043  \\$an-us---
=046  \\$o1906$p1972$2edtf
=110  2\$aIndustrial Workers of the World,$ecreator,$ecollector.
=245  10$aIndustrial Workers of the World records.
=264  \0$c1906-1972, undated.
=300  \\$a0.19 cubic ft. (3 files, 1 microfilm reel negative)
=336  \\$atext$btxt$2rdacontent
=337  \\$aunmediated$bn$2rdamedia
=338  \\$anotated music$bntm$2rdacontent
=338  \\$asheet$bnb$2rdacarrier
=338  \\$amicrofilm reel$bhd$2rdacarrier
=351  \\$aOrganized into 4 accessions: Accession No. 0691-001, Industrial Workers of the World records, 1921-1922, 1944, undated; Accession No. 1975-001, Industrial Workers of the World records, 1918, approximately 1950-1972; Accession No. 2160-001, Industrial Workers of the World records, 1906-1911; Accession No. 2235-001, Industrial Workers of the World records, 1927-1928
=386  \\$aAmericans$2lcdgt
=386  \\$aMen$2lcdgt
=386  \\$aWomen$2lcdgt
=544  1\$nSeparated materials in the following collections of this repository:$dIndustrial Workers of the World Seattle Joint Branches Records, Accession No. 0544-001;$dIndustrial Workers of the World California Office Records, Accession No. 4762-001.
=545  0\$aThe Industrial Workers of the World (IWW) is a revolutionary syndicalist labor union founded in Chicago, Illinois in 1905. The goal of the IWW is to join all working class peoples together into "one big union" organized by industry rather than by trade. The IWW promotes organizing on the job to build workplaces that benefit workers and communities. In addition to improving the economic conditions of workers today, the IWW aims to establish a new world centered on economic democracy. As of 2018, the "Preamble to the IWW Constitution" declares, "The working class and the employing class have nothing in common ... Between these two classes a struggle must go on until the workers of the world organize as a class, take possession of the means of production, abolish the wage system, and live in harmony with the Earth." The IWW is both a model for how a future society could function without capitalism and also the means to achieve revolution.
=520  \\$aCollection of pamphlets, meeting minutes, and songs about the Industrial Workers of the World.
=506  \\$aNo restrictions on access.
=500  \\$aForms part of the Labor Archives of Washington.
=540  \\$aSome restrictions exist on duplication, quotation, or publication. Contact the repository for details.
=610  20$aIndustrial Workers of the World$vArchives.
=610  20$aIndustrial Workers of the World$xHistory$vSources.
=650  \0$aLabor$zUnited States$xHistory$vSources.
=650  \0$aLabor unions$zUnited States$xHistory$vSources.
=650  \0$aLabor movement$zUnited States$xHistory$vSources.
=650  \0$aWorking class$zUnited States$vSongs and music$xHistory$vSources.
=650  \6$aTravail$0(CaQQLa)201-0093408$zÉtats-Unis$0(CaQQLa)201-0407727$xHistoire$0(CaQQLa)201-0382350$vSources.$0(CaQQLa)201-0382350
=650  \6$aMouvement ouvrier$0(CaQQLa)201-0078721$zÉtats-Unis$0(CaQQLa)201-0407727$xHistoire$0(CaQQLa)201-0382350$vSources.$0(CaQQLa)201-0382350
=650  \6$aTravailleurs$0(CaQQLa)201-0075946$zÉtats-Unis$0(CaQQLa)201-0075946$vChants et musique$0(CaQQLa)201-0378541$xHistoire$0(CaQQLa)201-0382350$vSources.$0(CaQQLa)201-0382350
=610  27$aIndustrial Workers of the World.$2fast$0(OCoLC)fst00545991
=650  \7$aLabor.$2fast$0(OCoLC)fst00989798
=650  \7$aLabor movement.$2fast$0(OCoLC)fst00990079
=650  \7$aLabor unions.$2fast$0(OCoLC)fst00990260
=650  \7$aWorking class.$2fast$0(OCoLC)fst01180418
=651  \7$aUnited States.$2fast$0(OCoLC)fst01204155
=655  \7$apamphlets.$2aat$0(CStmoGRI)aatgf300220572
=655  \7$aArchives.$2fast$0(OCoLC)fst01423700
=655  \7$aHistory.$2fast$0(OCoLC)fst01411628
=655  \7$aMinutes (Records)$2fast$0(OCoLC)fst01919940
=655  \7$aNotated music.$2fast$0(OCoLC)fst01920428
=655  \7$aSources.$2fast$0(OCoLC)fst01423900
=655  \7$aMinutes (Records)$2lcgft
=655  \7$aNotated music.$2lcgft
=655  \7$aProcès-verbaux.$2rvmgf$0(CaQQLa)RVMGF-000001222
=655  \7$aMusique notée.$2rvmgf$0(CaQQLa)RVMGF-000000699
=710  2\$aLabor Archives of Washington,$ecurator.
=856  42$uhttp://archiveswest.orbiscascade.org/ark:/80444/xv96456/$zConnect to the finding aid for this collection.
=049  \\$aWAUW

