=LDR  01073cpcaa22002057a 4500
=001  123954081
=008  070503i19141917xx\\\\\\\\\\\\\\\\\\eng\d
=005  20210407180852.1
=040  \\$aWAU$beng$cWAU$dWAU$dOCLCO$dOCLCQ
=110  2\$aIndustrial Workers of the World.$bCalifornia Office.
=245  10$aIndustrial Workers of the World, California Office records,$f1914-1917.
=300  \\$aapproximately .06 cubic ft.
=520  2\$aPhotocopies of outgoing correspondence of this radical labor organization.
=506  \\$aAccess may be restricted. Contact Special Collections for details.
=540  \\$aSome restrictions exist on duplication, quotation, or publication. Contact the repository for details.
=500  \\$aProcessing levels vary. Contact the repository for details.
=545  1\$aRadical labor organization.
=555  0\$aFinding aid available in the repository and on the World Wide Web.
=856  42$uhttp://digital.lib.washington.edu/findingaids/view?docId=IndustrialWorkersWorldCaliforniaOffice4762.xml$zConnect to the online finding aid for this collection.
=049  \\$aWAUW

