=LDR  09113cpc a2201117 i 4500
=001  123949315
=008  070503i18901965wau\\\\\\\\\\\\\\\\\eng\d
=005  20220725024011.0
=040  \\$aWAU$beng$erda$edacs$cWAU$dWAU$dOCLCO$dOCLCQ$dWAU$dOCLCO$dWAU$dOCLCO$dOCLCF$dOCLCO$dOCL
=041  0\$heng
=043  \\$an-us-wa
=046  \\$o1890$p1965$2edtf
=110  2\$aIndustrial Workers of the World.$bSeattle Joint Branches,$ecreator,$ecollector.
=245  10$aIndustrial Workers of the World Seattle Joint Branches records.
=264  \0$c1890-1965  (bulk 1915-1940).
=300  \\$a6.59 cubic feet$a(9 boxes)
=336  \\$atext$btxt$2rdacontent
=337  \\$aunmediated$bn$2rdamedia
=338  \\$asheet$bnb$2rdacarrier
=351  \\$aCollection is arranged into 6 series: series 1: subject files, 1905-1965; series 2: correspondence, 1920-1935; series 3: meeting minutes and reports, 1912-1950; series 4: legal files, 1914-1951; series 5: periodicals, 1908-1960; series 6: pamphlets, 1890-1961.
=386  \\$aAmericans$aWashingtonians (Washington State)$2lcdgt
=386  \\$aLabor union members$2lcdgt
=386  \\$aMen$2lcdgt
=386  \\$aWomen$2lcdgt
=500  \\$aForms a part of the Labor Archives of Washington.
=545  0\$aThe Industrial Workers of the World (IWW) is a revolutionary labor union founded in Chicago, Illinois in 1905. The goal of the IWW is to join all working-class peoples together into "one big union" organized by industry rather than by trade. The IWW promotes organizing on the job to build workplaces that benefit workers and communities. In addition to improving the economic conditions of workers today, the IWW aims to establish a new world built on economic democracy. As of 2018, the "Preamble to the IWW Constitution" declares, "The working class and the employing class have nothing in common... Between these two classes a struggle must go on until the workers of the world organize as a class, take possession of the means of production, abolish the wage system, and live in harmony with the Earth." The IWW is both a model for how a future society could function without capitalism and also the means to achieve revolution. The IWW established a presence in the Seattle, Washington area in 1905 and Wobblies (the nickname for IWW members) continue to organize workers in the Puget Sound region to this day.
=520  2\$aMaterials include subject files, correspondence, meeting minutes, reports, legal files, periodicals, and pamphlets created and collected by the Seattle Joint Branches of the Industrial Workers of the World (IWW) dating from 1890 to 1965 with a majority of the materials dating from 1915 to 1940. Subject files include bylaws, charters, reports, meeting minutes, correspondence, pamphlets, leaflets, and other materials relating to the Seattle Joint Branches of the IWW, other local IWW chapters and industrial unions, and the IWW generally; the Centralia Tragedy; the Everett Massacre; the Seattle General Strike; the Colorado Mine Strike (1927-1928); the Nicola Sacco and Bartolomeo Vanzetti defense campaign; the Socialist Party of Washington Seattle Branch No. 1, Socialist Party of Washington, and Socialist Party of America; and the Workers Alliance of Washington. Also included are meeting minutes, reports, and correspondence of the Seattle Joint Branches, IWW General Executive Board, various local IWW branches, and the IWW General Convention. The collection also includes legal proceedings, court publications, and legal documents relating to criminal syndicalism cases in Washington, and the US broadly, as well as court cases involving members of the IWW. Periodicals and pamphlets also make up a large portion of the collection and include materials published by and about the IWW as well as other communist, socialist, and labor-oriented organizations.
=506  \\$aSelected images can be viewed on the Libraries' Digital collections website via finding aid.
=506  \\$aNo restrictions on access.
=540  \\$aStatus of creator's copyrights is unknown; restrictions may exist on copying, quotation, or publication. Users are responsible for researching copyright status before use.
=541  \\$cDonated by:$aIndustrial Workers of the World Seattle Office,$dMay 18,1965.
=544  1\$nSeparated materials in the following collections of this repository:$dIndustrial Workers of the World Photograph Collection, PH-0922 (photographs of the Colorado Mine Strike (1927-1928) and the Everett Massacre)
=610  20$aIndustrial Workers of the World.$bSeattle Joint Branches$vArchives.
=610  20$aIndustrial Workers of the World.$bSeattle Joint Branches$xHistory$vSources.
=650  \0$aLabor union members$zWashington (State)$zSeattle$xHistory$vSources.
=650  \0$aLabor leaders$zWashington (State)$zSeattle$xHistory$vSources.
=650  \0$aLabor$zWashington (State)$zSeattle$xHistory$vSources.
=650  \0$aLabor unions$zWashington (State)$zSeattle$xHistory$vSources.
=650  \0$aLabor movement$zWashington (State)$zSeattle$xHistory$vSources.
=650  \6$aSyndiqués$0(CaQQLa)201-0268551$zWashington (État)$0(CaQQLa)201-0394837$zSeattle$0(CaQQLa)201-0394837$xHistoire$0(CaQQLa)201-0382350$vSources.$0(CaQQLa)201-0382350
=650  \6$aDirigeants syndicaux$0(CaQQLa)201-0202520$zWashington (État)$0(CaQQLa)201-0394837$zSeattle$0(CaQQLa)201-0394837$xHistoire$0(CaQQLa)201-0382350$vSources.$0(CaQQLa)201-0382350
=650  \6$aTravail$0(CaQQLa)201-0093408$zWashington (État)$0(CaQQLa)201-0394837$zSeattle$0(CaQQLa)201-0394837$xHistoire$0(CaQQLa)201-0382350$vSources.$0(CaQQLa)201-0382350
=650  \6$aSyndicats$0(CaQQLa)201-0007001$zWashington (État)$0(CaQQLa)201-0394837$zSeattle$0(CaQQLa)201-0394837$xHistoire$0(CaQQLa)201-0382350$vSources.$0(CaQQLa)201-0382350
=650  \6$aMouvement ouvrier$0(CaQQLa)201-0078721$zWashington (État)$0(CaQQLa)201-0394837$zSeattle$0(CaQQLa)201-0394837$xHistoire$0(CaQQLa)201-0382350$vSources.$0(CaQQLa)201-0382350
=650  \7$aLabor.$2fast$0(OCoLC)fst00989798
=650  \7$aLabor leaders.$2fast$0(OCoLC)fst00990029
=650  \7$aLabor movement.$2fast$0(OCoLC)fst00990079
=650  \7$aLabor union members.$2fast$0(OCoLC)fst00990256
=650  \7$aLabor unions.$2fast$0(OCoLC)fst00990260
=651  \7$aWashington (State)$zSeattle.$2fast$0(OCoLC)fst01204940
=655  \7$aBy-laws.$2fast$0(OCoLC)fst01423762
=655  \2$aLetter$0(DNLM)D016422
=655  \2$aPeriodical$0(DNLM)D020492
=655  \2$aEphemera$0(DNLM)D019502
=655  \7$apamphlets.$2aat$0(CStmoGRI)aatgf300220572
=655  \7$alegal documents.$2aat$0(CStmoGRI)aatgf300027590
=655  \7$abylaws (administrative records)$2aat$0(CStmoGRI)aatgf300027433
=655  \7$apublications (documents)$2aat$0(CStmoGRI)aatgf300111999
=655  \7$areports.$2aat$0(CStmoGRI)aatgf300027267
=655  \7$afiles (document groupings)$2aat$0(CStmoGRI)aatgf300026942
=655  \7$abusiness records.$2aat$0(CStmoGRI)aatgf300141693
=655  \7$acommercial correspondence.$2aat$0(CStmoGRI)aatgf300026914
=655  \7$aperiodicals.$2aat$0(CStmoGRI)aatgf300026657
=655  \7$aprinted ephemera.$2aat$0(CStmoGRI)aatgf300264821
=655  \7$acollective labor agreements.$2aat$0(CStmoGRI)aatgf300027630
=655  \7$acontracts.$2aat$0(CStmoGRI)aatgf300027649
=655  \7$aArchives.$2fast$0(OCoLC)fst01423700
=655  \7$aBusiness correspondence.$2fast$0(OCoLC)fst01919897
=655  \7$aCollective labor agreements.$2fast$0(OCoLC)fst01774247
=655  \7$aContracts.$2fast$0(OCoLC)fst01774255
=655  \7$aEphemera.$2fast$0(OCoLC)fst01919921
=655  \7$aHistory.$2fast$0(OCoLC)fst01411628
=655  \7$aMinutes (Records)$2fast$0(OCoLC)fst01919940
=655  \7$aPeriodicals.$2fast$0(OCoLC)fst01411641
=655  \7$aRecords (Documents)$2fast$0(OCoLC)fst01919961
=655  \7$aSources.$2fast$0(OCoLC)fst01423900
=655  \7$aBusiness correspondence.$2lcgft
=655  \7$aRecords (Documents)$2lcgft
=655  \7$aPeriodicals.$2lcgft
=655  \7$aMinutes (Records)$2lcgft
=655  \7$aEphemera.$2lcgft
=655  \7$aCollective labor agreements.$2lcgft
=655  \7$aContracts.$2lcgft
=655  \7$aBy-laws.$2lcgft
=655  \7$aStatuts.$2rvmgf$0(CaQQLa)RVMGF-000001472
=655  \7$aDocuments administratifs.$2rvmgf$0(CaQQLa)RVMGF-000001054
=655  \7$aCorrespondance commerciale.$2rvmgf$0(CaQQLa)RVMGF-000001162
=655  \7$aPériodiques.$2rvmgf$0(CaQQLa)RVMGF-000001105
=655  \7$aProcès-verbaux.$2rvmgf$0(CaQQLa)RVMGF-000001222
=655  \7$aDocuments éphémères.$2rvmgf$0(CaQQLa)RVMGF-000001046
=655  \7$aConventions collectives.$2rvmgf$0(CaQQLa)RVMGF-000001475
=655  \7$aContrats.$2rvmgf$0(CaQQLa)RVMGF-000001473
=710  2\$aLabor Archives of Washington,$ecurator.
=856  42$uhttp://archiveswest.orbiscascade.org/ark:/80444/xv42333/$zConnect to the finding aid for this collection.
=856  41$uhttps://digitalcollections.lib.washington.edu/digital/search/searchterm/0544-001/field/all/mode/exact/conn/and/order/title$zConnect to the digital version of this collection
=049  \\$aWAUW

