=LDR  07648cpc a22010931a 4500
=001  28411712
=008  881215i19192015wau\\\\\\\\\\\\\\\\\eng\d
=005  20220718121154.0
=010  \\$a   88798992 
=040  \\$aWAU$beng$eappm$cWAU$dDLC$dOCL$dOCLCQ$dOCLCG$dNUCMC$dWAU$dOCLCA$dWAU$dOCLCF$dOCLCA$dOCL$dWAU$dOCLCA$dOCL$dOCLCA$dOCL$dOCLCA$dWAU$dOCLCO$dOCL
=043  \\$an-us-ca$an-us-or$an-us-wa$an-cn-bc
=110  2\$aInland Boatmen's Union of the Pacific.
=245  10$aInlandboatmen's Union of the Pacific records,$f1919-2015.
=300  \\$a141.99 cubic feet (145 boxes)
=500  \\$aThe material described in this catalog record is located in the collections of the University of Washington Libraries (Seattle).
=545  \\$aThe Inlandboatmen's Union of the Pacific was originally organized as the Ferryboatmen's Union of California in San Francisco in 1918. The union's early strength was among workers on railroad-owned ferries in San Francisco Bay, where it organized unlicensed workers, including deckhands, watchmen,     bargemen, oilers, firemen, cooks and waitresses. The union began organizing workers on river freighters and tugs, and in 1931 expanded into the Pacific     Northwest to organize ferry and tug workers on the Columbia River and Puget Sound. Its name was changed to Inlandboatmen's Union of the Pacific in 1936 to reflect this change in scope. Early bargaining successes included achieving an 8-hour day for ferry workers, and a guarantee of a "dismissal wage," (severance pay) for ferry workers to be displaced by the construction of bridges in San Francisco Bay. By the late 1930s the union had local organizations in Puget Sound, the Columbia River, San Francisco Bay, Long Beach, and San Diego. Since the 1960s, the IBU has had considerable membership in Alaska as well. Affiliated with the International Seamen's Union from 1919 to 1937, the IBU became the first West Coast affiliate of the CIO in 1937, and was affiliated with the Maritime Federation of the Pacific in the 1930s. Leaving the CIO in 1948, the IBU was affiliated with the Seafarers' International Union of North America until 1979. Since October 31, 1980 the IBU has been the Marine Division of the International Longshoremen's and Warehousemen's Union.
=520  8\$aCorrespondence, historical and organizational materials, minutes, agreements, negotiations, grievances, reports, conference proceedings, financial records, membership applications and records, collective barganing records, and other records, relating to the union's operations in Washington, Oregon, California, Alaska, Hawaii, and British Columbia. Major correspondents are Merle Adlum and Larry Miner. Includes records of the national union office, the Alaska division, the Hawaii division, the Puget Sound division, and the Inland Boatmen's Union, San Francisco Division.
=506  \\$aOpen to all users, but access to portions of the papers restricted. Contact Special Collections for details.
=540  \\$aSome restrictions exist on copying, quotation, or publication. Contact Special Collections for details.
=650  \0$aCongresses and conventions.
=650  \0$aBoaters (Persons)$xLabor unions$zPacific States.
=650  \0$aBoaters (Persons)$zPacific States.
=650  \0$aFerries$zPacific States.
=650  \0$aTransport workers$xLabor unions$zBritish Columbia.
=650  \0$aLabor$zPacific States.
=650  \0$aLabor$zWashington (State)
=650  \0$aLabor$zOregon.
=650  \0$aLabor$zCalifornia.
=650  \0$aLabor$zAlaska.
=650  \0$aLabor$zHawaii.
=650  \0$aLabor$zBritish Columbia.
=650  \0$aFerries$xTransportation$zWashington (State)
=650  \0$aFerries$xTransportation$zOregon.
=650  \0$aFerries$xTransportation$zCalifornia.
=650  \0$aFerries$xTransportation$zAlaska.
=650  \0$aFerries$xTransportation$zHawaii.
=650  \0$aFerries$xTransportation$zBritish Columbia.
=650  \0$aLabor$zCalifornia$zSan Francisco.
=650  \0$aFerries$xTransportation$zCalifornia$zSan Francisco.
=600  10$aMiner, Larry.
=600  10$aAdlum, Merle Daniel,$d1919-1986$vCorrespondence.
=610  20$aCongress of Industrial Organizations (U.S.)
=610  20$aSeafarers' International Union of North America.
=610  20$aInternational Longshoremen's and Warehousemen's Union.
=600  10$aAdlum, Merle Daniel,$d1919-1986.
=650  \0$aBoaters (Persons)
=650  \0$aBoaters (Persons)$xLabor unions.
=650  \0$aFerries.
=650  \0$aTransport workers$xLabor unions.
=650  \0$aAutomobile drivers$xLabor unions.
=650  \6$aCongrès et conférences.$0(CaQQLa)201-0047818
=650  \6$aBateliers$0(CaQQLa)201-0142080$xSyndicats$0(CaQQLa)201-0142080$zÉtats du Pacifique (États-Unis)$0(CaQQLa)201-0407719
=650  \6$aTravailleurs des transports$0(CaQQLa)201-0074328$xSyndicats$0(CaQQLa)201-0074328$zColombie-Britannique.$0(CaQQLa)201-0448885
=650  \6$aTravail$0(CaQQLa)201-0093408$zÉtats du Pacifique (États-Unis)$0(CaQQLa)201-0407719
=650  \6$aTravail$0(CaQQLa)201-0093408$zWashington (État)$0(CaQQLa)201-0395184
=650  \6$aTravail$0(CaQQLa)201-0093408$zOregon.$0(CaQQLa)201-0460845
=650  \6$aTravail$0(CaQQLa)201-0093408$zCalifornie.$0(CaQQLa)201-0460772
=650  \6$aTravail$0(CaQQLa)201-0093408$zAlaska.$0(CaQQLa)201-0460551
=650  \6$aTravail$0(CaQQLa)201-0093408$zHawaii.$0(CaQQLa)201-0460793
=650  \6$aTravail$0(CaQQLa)201-0093408$zColombie-Britannique.$0(CaQQLa)201-0448885
=650  \6$aTravail$0(CaQQLa)201-0093408$zCalifornie$0(CaQQLa)201-0461879$zSan Francisco.$0(CaQQLa)201-0461879
=650  \6$aBateliers$xSyndicats.$0(CaQQLa)201-0142080
=650  \6$aTravailleurs des transports$xSyndicats.$0(CaQQLa)201-0074328
=650  \7$aconferences.$2aat$0(CStmoGRI)aat300054789
=600  17$aAdlum, Merle Daniel,$d1919-1986$2fast$0(OCoLC)fst00204338
=600  17$aMiner, Larry.$2fast$0(OCoLC)fst00242256
=610  27$aCongress of Industrial Organizations (U.S.)$2fast$0(OCoLC)fst00546250
=610  27$aInternational Longshoremen's and Warehousemen's Union.$2fast$0(OCoLC)fst00535607
=610  27$aSeafarers' International Union of North America.$2fast$0(OCoLC)fst00632646
=650  \7$aAutomobile drivers$xLabor unions.$2fast$0(OCoLC)fst00822863
=650  \7$aBoaters (Persons)$2fast$0(OCoLC)fst01738025
=650  \7$aBoaters (Persons)$xLabor unions.$2fast$0(OCoLC)fst00835174
=650  \7$aCongresses and conventions.$2fast$0(OCoLC)fst00875219
=650  \7$aFerries.$2fast$0(OCoLC)fst00923054
=650  \7$aLabor.$2fast$0(OCoLC)fst00989798
=650  \7$aTransport workers$xLabor unions.$2fast$0(OCoLC)fst01155003
=651  \7$aAlaska.$2fast$0(OCoLC)fst01204480
=651  \7$aBritish Columbia.$2fast$0(OCoLC)fst01205265
=651  \7$aCalifornia.$2fast$0(OCoLC)fst01204928
=651  \7$aCalifornia$zSan Francisco.$2fast$0(OCoLC)fst01204481
=651  \7$aHawaii.$2fast$0(OCoLC)fst01208724
=651  \7$aOregon.$2fast$0(OCoLC)fst01204579
=651  \7$aUnited States$zPacific States.$2fast$0(OCoLC)fst01243532
=651  \7$aWashington (State)$2fast$0(OCoLC)fst01204703
=655  \7$aPersonal correspondence.$2fast$0(OCoLC)fst01919948
=710  2\$aFerryboatmen's Union of California.
=710  2\$aInland Boatmen's Union of the Pacific.$bSan Francisco Division.
=740  0\$aacc1574-010
=740  0\$aacc1574-012
=740  0\$aacc1574-014
=740  0\$aacc1574-015
=851  \\$aUniversity of Washington Libraries$e(Seattle).
=856  42$uhttps://archiveswest.orbiscascade.org/ark:/80444/xv13021$zConnect to the online finding aid for this collection.
=049  \\$aWAUW

