=LDR  00790cpcaa22001933  4500
=001  123954351
=008  070503nuuuuuuuuxx\\\\\\\\\\\\\\\\\\eng\d
=005  20200810120450.4
=040  \\$aWAU$beng$cWAU$dOCLCQ$dWAU
=110  2\$aInstructors' Association (University of Washington.
=245  10$aInstructors' Association records,$f1919-1947.
=300  \\$aapproximately 1.04 cubic ft
=336  \\$atext$btxt$2rdacontent
=337  \\$aunmediated$bn$2rdamedia
=520  2\$aCorrespondence, minutes, financial records, other.
=506  \\$aAccess may be restricted. Contact Special Collections for details.
=540  \\$aSome restrictions exist on duplication, quotation, or publication. Contact the repository for details.
=500  \\$aProcessing levels vary. Contact the repository for details.
=049  \\$aWAUW

