=LDR  00921cpcaa22002057a 4500
=001  123953191
=008  070503i19361957xx\\\\\\\\\\\\\\\\\\eng\d
=005  20230628150456.6
=040  \\$aWAU$beng$cWAU$dWAU$dOCLCO$dOCLCQ$dOCLCO$dWAU
=100  1\$aO'Connor, Harvey,$d1897-1987.
=245  10$aHarvey O'Connor papers,$f1936-1957.
=300  \\$aapproximately .03 cubic ft.
=520  2\$aFinancial records, other.
=506  \\$aAccess may be restricted. Contact Special Collections for details.
=540  \\$aSome restrictions exist on duplication, quotation, or publication. Contact the repository for details.
=500  \\$aProcessing levels vary. Contact the repository for details.
=545  0\$aPolitical activist.
=555  0\$aFinding aid available in the repository and on the World Wide Web.
=856  42$uhttps://archiveswest.orbiscascade.org/ark:80444/xv50836$zConnect to the online finding aid for this collection.
=049  \\$aWAUW

