=LDR  03947cpcaa22006617a 4500
=001  28418142
=008  881004i19371971xx\\\\\\\\\\\\\\\\\\eng\d
=005  20230628150153.2
=010  \\$a   88798502 
=040  \\$aWAU$beng$edacs$cWAU$dDLC$dOCL$dOCLCQ$dOCLCG$dOCLCA$dNUCMC$dWAU$dOCLCA$dWAU$dOCLCA$dOCLCF$dOCLCQ$dOCLCA$dOCLCO$dOCLCQ$dWAU
=043  \\$an-cn-bc$an-us---
=100  1\$aPritchett, Harold,$d1904-
=245  10$aHarold Pritchett papers,$f1937-1971$g(bulk 1940).
=300  \\$aapproximately .33 cubic ft. of textual materials
=300  \\$a1 audiocassette
=545  0\$aHarold Pritchett was born in England in 1904. He immigrated to Canada, and began working in a Port Moody sawmill at age 15. He was the first president of International Woodworkers of America, 1936-1940. Thereafter, he organized woodworkers in British Columbia and was a member of the British Columbia Federation of Labor.
=520  2\$aCorrespondence, reports, newspapers, and tape-recorded interview, relating to Pritchett's activities as labor leader and first president of International Woodworkers of America (1936-1940). Includes material relating to the Communist Party and United Brotherhood of Carpenters and Joiners of America. Persons represented include O.M. Orton and Lee Pressman. Also included is a copy of Union newspaper-IWA Local 180 bulletin, centennial edition, 1971 containing Pritchett's historical account of IWA.
=506  \\$aAccess restricted: For terms of access contact repository.
=540  \\$aCreator's literary rights not transferred to the University of Washington Libraries.
=541  \\$aDonated by Harold Pritchett, 1970-1971.
=555  0\$aFinding aid available in the repository and on the World Wide Web.
=600  10$aPritchett, Harold,$d1904-$vArchives.
=610  20$aCommunist Party of the United States of America.
=610  20$aInternational Woodworkers of America.
=610  20$aUnited Brotherhood of Carpenters and Joiners of America.
=650  \0$aLabor leaders$zBritish Columbia.
=650  \0$aCarpenters$xLabor unions.
=650  \0$aCarpenters$zUnited States.
=650  \0$aLabor unions$xOfficials and employees.
=650  \0$aPolitical parties$zUnited States.
=650  \0$aWoodworkers$xLabor unions.
=650  \0$aWoodworkers$zUnited States.
=600  10$aOrton, O. M.
=600  10$aPressman, Lee,$d1906-1969.
=650  \6$aDirigeants syndicaux$0(CaQQLa)201-0202520$zColombie-Britannique.$0(CaQQLa)201-0448885
=650  \6$aCharpentiers$0(CaQQLa)201-0009980$zÉtats-Unis.$0(CaQQLa)201-0407727
=650  \6$aSyndicats$xPersonnel.$0(CaQQLa)201-0053806
=600  17$aOrton, O. M.$2fast$0(OCoLC)fst00236449
=600  17$aPressman, Lee,$d1906-1969.$2fast$0(OCoLC)fst01754340
=600  17$aPritchett, Harold,$d1904-$2fast$0(OCoLC)fst01959982
=610  27$aCommunist Party of the United States of America.$2fast$0(OCoLC)fst00531336
=610  27$aInternational Woodworkers of America.$2fast$0(OCoLC)fst00515482
=610  27$aUnited Brotherhood of Carpenters and Joiners of America.$2fast$0(OCoLC)fst00542762
=650  \7$aCarpenters.$2fast$0(OCoLC)fst00847822
=650  \7$aCarpenters$xLabor unions.$2fast$0(OCoLC)fst00847827
=650  \7$aLabor leaders.$2fast$0(OCoLC)fst00990029
=650  \7$aLabor unions$xOfficials and employees.$2fast$0(OCoLC)fst00990289
=650  \7$aPolitical parties.$2fast$0(OCoLC)fst01069410
=650  \7$aWoodworkers.$2fast$0(OCoLC)fst01179911
=650  \7$aWoodworkers$xLabor unions.$2fast$0(OCoLC)fst01179915
=651  \7$aBritish Columbia.$2fast$0(OCoLC)fst01205265
=651  \7$aUnited States.$2fast$0(OCoLC)fst01204155
=655  \7$aaudiotapes.$2aat$0(CStmoGRI)aatgf300028653
=655  \7$aArchives.$2fast$0(OCoLC)fst01423700
=655  \7$aNewspapers.$2ftamc
=655  \7$aInterviews.$2ftamc
=856  42$uhttps://archiveswest.orbiscascade.org/ark:80444/xv85046$zConnect to the online finding aid for this collection.
=049  \\$aWAUW

