=LDR  02705cmcaa22003613i 4500
=001  941808954
=008  160229i20122015xx\\\\\\\\\d\\\\\\\\eng\d
=005  20220509051231.4
=040  \\$aWAU$beng$edacs$cWAU$dWAU$dOCLCF$dOCLCO
=100  1\$aRivera, Guillermo
=245  10$aGuillermo "Memo" Rivera collection of SEIU 775 and Working Washington records,$f2012-2015.
=300  \\$a257 computer files (11.3 GB)
=545  0\$aGuillermo "Memo" Rivera is Deputy Organizing Director for Service Employees International Union, Local 775. He collected this binder of materials that relate to SEIU 775's involement with the effort to raise the minimum wage in SeaTac to {dollar}15 an hour, get labor-friendly council members elected and voters registered, and organize port and airport workers. Rivera became an organizer for Local 775 in 2005, and his involvement with organizing at the airport and SeaTac on workers' issue began in 2001 with SEIU's "Fight for a Fair Economy Campaign." This went from a broad-based door-knocking campaign to hear abour workers' issues to meetings with airport workers in 2012. Rivera served as the field director on that campaign, and was also involved in the SeaTac Mimimum Wage Proposition 1 campaign in 2013.
=520  2\$aDigital scans of a binder of materials collected by Guillermo "Memo" Rivera during his activities as Deputy Organizing Director for Service Employees International Union (SEIU), Local 775
=506  \\$aOpen to all users.
=540  \\$aCreator's copyrights transferred to the University of Washington Libraries.
=600  10$aRivera, Guillermo$vArchives
=610  20$aService Employees International Union.$bLocal 775 (Seattle, Wash.)
=610  20$aWorking Washington (Organization)
=650  \0$aMinimum wage$zWashington (State)$zSeaTac.
=650  \0$aLiving wage movement$zWashington (State)$zSeaTac.
=651  \0$aSeaTac (Wash.)
=650  \6$aSalaires minimums$0(CaQQLa)201-0071753$zWashington (État)$0(CaQQLa)000307901$zSeaTac.$0(CaQQLa)000307901
=650  \6$aMouvement pour un salaire décent$0(CaQQLa)201-0418027$zWashington (État)$0(CaQQLa)000307901$zSeaTac.$0(CaQQLa)000307901
=600  17$aRivera, Guillermo.$2fast$0(OCoLC)fst01580070
=650  \7$aLiving wage movement.$2fast$0(OCoLC)fst01000933
=650  \7$aMinimum wage.$2fast$0(OCoLC)fst01022855
=651  \7$aWashington (State)$zSeaTac.$2fast$0(OCoLC)fst01287561
=655  \7$aArchives.$2fast$0(OCoLC)fst01423700
=710  2\$aService Employees International Union.$bLocal 775 (Seattle, Wash.)
=710  2\$aWorking Washington (Organization)
=856  42$uhttp://archiveswest.orbiscascade.org/ark:/80444/xv12652$zConnect to the online finding aid for this collection
=049  \\$aWAUW

