=LDR  03922cpcaa2200697 i 4500
=001  1119739203
=008  190918i19541959wau\\\\\\\\\\\\\\\\\eng\d
=005  20220429080416.5
=040  \\$aWAU$beng$erda$edacs$cWAU$dWAU$dOCLCF$dWAU$dOCLCO
=046  \\$k1954$2edtf
=046  \\$o1958$p1959$2edtf
=100  1\$aSearles, Gordon,$ecreator.
=245  10$aGordon Searles collection on Washington State Printers' lockout.
=264  \0$c1954, 1958-1959.
=300  \\$a0.23$fcubic feet$a(1 box and 1 oversize folder)
=336  \\$atext$btxt$2rdacontent
=337  \\$aunmediated$bn$2rdamedia
=338  \\$asheet$bnb$2rdacarrier
=545  0\$aGordon Searles was a printer and union member and president of the Olympia chapter of the International Typographical Union, Local 142.
=541  \\$cDonor:$aPam Mofjeld.
=520  2\$aRecords including brochures, newsletters, and correspondence from the late 1950s concerning the dispute between the International Typographical Union, the State Printer, and Governor Albert Rossellini. Materials document International Typographical Union Local 142 and Searles' participation in the activities surrounding the lockout and court cases. For part of that dispute, Searles was president of the local union. Also includes Searles' certificate of completion for printer training from the International Typographical Union, 1954.
=500  \\$aForms part of the Labor Archives of Washington.
=506  \\$aNo restrictions on access.
=540  \\$aCreator's copyrights transferred to the University of Washington Libraries Special Collections.
=546  \\$aCollection materials are in English.
=610  20$aInternational Typographical Union$xCorrespondence.
=610  20$aInterntational Typographical Union.$bNo. 42 (Olympia, Wash.)$xPresidents.
=650  \0$aStrikes and lockouts$xPrinters$zWashington (State)
=650  \0$aLabor disputes$zWashington (State)
=650  \0$aLabor$zWashington (State)
=650  \0$aLabor unions$zWashington (State)
=650  \0$aLabor movement$zWashington (State)
=650  \6$aGrèves et lock-out$0(CaQQLa)201-0112633$xImprimeurs$0(CaQQLa)201-0112633$zWashington (État)$0(CaQQLa)201-0395184
=650  \6$aTravail$0(CaQQLa)201-0093408$zWashington (État)$0(CaQQLa)201-0395184
=650  \6$aSyndicats$0(CaQQLa)201-0007001$zWashington (État)$0(CaQQLa)201-0395184
=650  \6$aMouvement ouvrier$0(CaQQLa)201-0078721$zWashington (État)$0(CaQQLa)201-0395184
=610  27$aInternational Typographical Union.$2fast$0(OCoLC)fst00516587
=650  \7$aLabor.$2fast$0(OCoLC)fst00989798
=650  \7$aLabor disputes.$2fast$0(OCoLC)fst00989929
=650  \7$aLabor movement.$2fast$0(OCoLC)fst00990079
=650  \7$aLabor unions.$2fast$0(OCoLC)fst00990260
=650  \7$aPresidents.$2fast$0(OCoLC)fst01075723
=650  \7$aStrikes and lockouts$xPrinters.$2fast$0(OCoLC)fst01135197
=651  \7$aWashington (State)$2fast$0(OCoLC)fst01204703
=655  \2$aLetter$0(DNLM)D016422
=655  \2$aEphemera$0(DNLM)D019502
=655  \7$acommercial correspondence.$2aat$0(CStmoGRI)aatgf300026914
=655  \7$aprinted ephemera.$2aat$0(CStmoGRI)aatgf300264821
=655  \7$aBusiness correspondence.$2fast$0(OCoLC)fst01919897
=655  \7$aEphemera.$2fast$0(OCoLC)fst01919921
=655  \7$aNewsletters.$2fast$0(OCoLC)fst01919943
=655  \7$aPersonal correspondence.$2fast$0(OCoLC)fst01919948
=655  \7$aBusiness correspondence.$2lcgft
=655  \7$aNewsletters.$2lcgft
=655  \7$aEphemera.$2lcgft
=655  \7$aCorrespondance commerciale.$2rvmgf$0(CaQQLa)RVMGF-000001162
=655  \7$aLettres d'informations.$2rvmgf$0(CaQQLa)RVMGF-000001104
=655  \7$aDocuments éphémères.$2rvmgf$0(CaQQLa)RVMGF-000001046
=710  2\$aLabor Archives of Washington,$ecurator.
=856  42$uhttp://archiveswest.orbiscascade.org/ark:/80444/xv539519$zConnect to the online finding aid for this collection
=049  \\$aWAUW

