=LDR  03529cpc a22006731a 4500
=001  28410582
=008  880802i19131964wau\\\\\\\\\\\\\\\\\eng\d
=005  20230628153354.1
=010  \\$a   88797807 $bms 87001919 
=040  \\$aWaU$eappm$beng$cDLC$dWAU$dOCLCQ$dOCLCG$dNUCMC$dOCLCO$dWAU$dOCLCA$dOCLCO$dOCL$dOCLCO$dWAU
=043  \\$ae-ur---$an-us-wa$an-us---
=100  1\$aWells, Hulet M.,$d1878-1970.
=245  00$kPapers,$f1913-1964.
=300  \\$a1 ft.
=500  \\$aThe material described in this catalog record is located in the collections of the University of Washington Libraries (Seattle).
=545  \\$aPolitical activist and labor leader.
=520  8\$aAutobiography, letters, writings, clippings, and ephemera, relating to Wells's 1921 trip to Russia, his activities as chairman of the Socialist Party of Washington, president of Seattle Labor Council, administrative assistant to U.S. representative Marion Zioncheck, and founder of National Federation of Post Office Clerks.
=561  \\$aAcquired 1964.
=555  8\$aFinding aid in the repository.
=600  10$aZioncheck, Marion A.$q(Marion Anthony),$d1901-1936.
=610  20$aNational Federation of Post Office Clerks.
=610  20$aCentral Labor Council of Seattle and Vicinity.
=610  20$aSocialist Party (Wash.)
=651  \0$aSoviet Union$xDescription and travel.
=650  \0$aLabor unions$zWashington (State)
=650  \0$aSocialist parties$zWashington (State)
=650  \0$aPolitical parties$zWashington (State)
=650  \0$aLabor unions$zUnited States$xPostal workers.
=650  \0$aPostal service$zUnited States.
=650  \0$aPostal service$xEmployees.
=651  \0$aWashington (State)$xPolitics and government.
=651  \4$aSeattle (Wash.)$xLabor.
=651  \4$aWashington (State)$xLabor.
=651  \6$aURSS$xDescriptions et voyages.$0(CaQQLa)201-0099990
=650  \6$aSyndicats$0(CaQQLa)201-0007001$zWashington (État)$0(CaQQLa)201-0395184
=650  \6$aPartis socialistes$0(CaQQLa)201-0016079$zWashington (État)$0(CaQQLa)201-0395184
=650  \6$aPostes$zÉtats-Unis.$0(CaQQLa)201-0367347
=650  \6$aPostes$xPersonnel.$0(CaQQLa)201-0006061
=651  \6$aWashington (État)$xPolitique et gouvernement.$0(CaQQLa)201-0106090
=600  17$aZioncheck, Marion A.$q(Marion Anthony),$d1901-1936$2fast$0(OCoLC)fst00209354
=610  27$aSocialist Party (Wash.)$2fast$0(OCoLC)fst00635017
=610  27$aNational Federation of Post Office Clerks.$2fast$0(OCoLC)fst00543825
=610  27$aCentral Labor Council of Seattle and Vicinity.$2fast$0(OCoLC)fst00629032
=650  \7$aTravel.$2fast$0(OCoLC)fst01155558
=650  \7$aSocialist parties.$2fast$0(OCoLC)fst01123730
=650  \7$aPostal service$xEmployees.$2fast$0(OCoLC)fst01072912
=650  \7$aPostal service.$2fast$0(OCoLC)fst01072885
=650  \7$aPolitics and government.$2fast$0(OCoLC)fst01919741
=650  \7$aPolitical parties.$2fast$0(OCoLC)fst01069410
=650  \7$aLabor unions.$2fast$0(OCoLC)fst00990260
=651  \7$aWashington (State)$2fast$0(OCoLC)fst01204703
=651  \7$aUnited States.$2fast$0(OCoLC)fst01204155
=651  \7$aSoviet Union.$2fast$0(OCoLC)fst01210281
=655  \7$aAutobiographies.$2ftamc
=656  \7$aPolitical activists$zWashington (State)$2lcsh
=656  \7$aLabor leaders$zWashington (State)$2lcsh
=851  \\$aUniversity of Washington Libraries$c(Seattle).
=856  42$uhttps://archiveswest.orbiscascade.org/ark:80444/xv03677$zConnect to the online finding aid for this collection.
=049  \\$aWAUW

