=LDR  03950ctmaa2200577 i 4500
=001  1225203736
=008  201203t20052017wau\\\\\o\\\\\000\0\eng\d
=005  20220624044804.3
=040  \\$aWAU$beng$erda$edacs$cWAU$dWAU$dOCLCO$dWAU$dOCLCO$dOCLCF$dWAU$dOCLCO$dWAU$dOCLCO
=041  0\$heng
=046  \\$k2005$2edtf
=046  \\$k2017$2edtf
=100  1\$aCostantini, Peter,$d1950-$eauthor.
=245  10$aPeter Costantini manuscript of "The Whacking of Ship Scalers Local 541".
=264  \0$c2005, 2017.
=300  \\$a1 online resource (24 pages) ;$c214 kilobytes
=336  \\$atext$btxt$2rdacontent
=337  \\$acomputer$bc$2rdamedia
=338  \\$aonline resource$bcr$2rdacarrier
=347  \\$bPDF
=347  \\$atext file$2rdaft
=546  \\$aIn English.
=540  \\$aIncludes bibliographies.
=545  0\$aPeter Costantini is a former ship scaler and was a member of Local 541 in 1977 and 1978 working at Todd Shipyards, later moving to construction in Laborers Local 242.
=520  2\$aPDF of article written by Peter Costantini in 2000, and revised to include citations in 2005 and 2017.  The article is about Ship Scalers, Dry Dock & Miscellaneous Boat Yard Workers Union, Local 541 and its battle with its international union, the Laborers' International Union of North America. In the late 1970s, disaffected rank-and-file members created a reform movement. In 1980, its leaders were elected to change the local union. Local leaders continued to battle with the LIUNA International leadership until the International took jurisdiction over all the major shipyards away from the Seattle local and gave it to Local 252 in Tacoma. This was possible because contracts for these yards were negotiated by the International rather than the Local. This effectively ended Local 541.
=506  \\$aThe article is entirely digital and can be viewed on the Libraries Research Works website.
=540  \\$aCreator's copyrights transferred to the University of Washington Libraries Special Collections.
=541  \\$aReceived from Peter Costantini in 2017.
=500  \\$aForms a part of the Labor Archives of Washington.
=610  20$aShip Scalers, Dry Dock, and Boat Yard Workers Union.$bLocal 541 (Seattle, Wash.)$xHistory$vSources.
=650  \0$aShipbuilding industry$xEmployees.
=650  \0$aLabor unions$zUnited States$xHistory$vSources.
=650  \0$aLabor union members$zUnited States$xHistory$vSources.
=650  \0$aAfrican American labor union members$zUnited States$xHistory$vSources.
=650  \0$aLabor movement$zUnited States$xHistory$vSources.
=650  \6$aSyndiqués$0(CaQQLa)201-0329286$zÉtats-Unis$0(CaQQLa)201-0329286$xHistoire$0(CaQQLa)201-0382350$vSources.$0(CaQQLa)201-0382350
=650  \6$aSyndiqués noirs américains$0(CaQQLa)201-0074590$zÉtats-Unis$0(CaQQLa)201-0407727$xHistoire$0(CaQQLa)201-0382350$vSources.$0(CaQQLa)201-0382350
=650  \6$aMouvement ouvrier$0(CaQQLa)201-0078721$zÉtats-Unis$0(CaQQLa)201-0407727$xHistoire$0(CaQQLa)201-0382350$vSources.$0(CaQQLa)201-0382350
=650  \7$aAfrican American labor union members.$2fast$0(OCoLC)fst00799214
=650  \7$aLabor movement.$2fast$0(OCoLC)fst00990079
=650  \7$aLabor union members.$2fast$0(OCoLC)fst00990256
=650  \7$aLabor unions.$2fast$0(OCoLC)fst00990260
=650  \7$aShipbuilding industry$xEmployees.$2fast$0(OCoLC)fst01116277
=651  \7$aUnited States.$2fast$0(OCoLC)fst01204155
=655  \7$aHistory.$2fast$0(OCoLC)fst01411628
=655  \7$aSources.$2fast$0(OCoLC)fst01423900
=700  1\$iContainer of (work):$aCostantini, Peter,$d1950-$tWhacking of Ship Scalers Local 541.
=710  2\$aLabor Archives of Washington,$ecurator.
=856  42$uhttp://archiveswest.orbiscascade.org/ark:/80444/xv286315$zConnect to the online finding aid for this resource
=856  42$uhttps://digital.lib.washington.edu/researchworks/handle/1773/41648$zConnect to Whacking of Ship Scalers Local 541.
=049  \\$aWAUW

