=LDR  04349cpcaa2200589 i 4500
=001  123953419
=008  070503i19661988wau\\\\\\\\\\\\\\\\\eng\d
=005  20220703050302.3
=040  \\$aWAU$beng$edacs$erda$cWAU$dWAU$dOCLCO$dOCLCQ$dWAU$dOCLCO$dWAU$dOCLCF$dOCLCO
=041  0\$heng
=046  \\$o1966$p1988$2edtf
=110  2\$aSeattle Opportunities Industrialization Center,$ecreator.
=245  10$aOpportunities Industrialization Center records.
=264  \0$c1966-1988.
=300  \\$a12.54 cubic feet (11 boxes)
=336  \\$atext$btxt$2rdacontent
=337  \\$aunmediated$bn$2rdamedia
=338  \\$asheet$bnb$2rdacarrier
=520  2\$aBoard minutes, 1968-1988; historical documents; publications; financial records; reports; contracts; planning and facility development records; public relations and publicity records; video and film materials; and a large number of photographs illustrating SOIC activities, most of which are 8 x 10" black-and-white prints with related 35mm negatives and contact sheets.
=506  \\$aThe collection is open to all users but it is stored off site.  Advance notice is required for use.
=540  \\$aSome restrictions exist on duplication, quotation, or publication. Contact the repository for details.
=540  \\$aLiterary rights of representatives of the records-creating organization have been transferred to the University of Washington Libraries.
=541  \\$cDonated by:$aOpportunities Industrialization Center, Seattle,$dOctober 31, 1989.
=545  1\$aSeattle Opportuities Industrialization Center (often refered to as "SOIC") was incorporated in May 1966 as a private, nonprofit community-based vocational training center. It was founded as an outgrowth of the OIC movement which had been started two years earlier in Philadelphia. In 1972 Seattle Opportuities Industrialization Center became the first community-based organization to receive federal designation as a Skills Center. Its rapid growth and expanding programs made possible the building of a multi-million dollar training center dedicated in 1974. Seattle Opportuities Industrialization Center's diversified funding and its accreditation saved the school from the financial collapse experienced at the beginning of the 1980s by many similar institutions, but it could not survive the federal government's rapid and drastic cutback of funding around 1983 and 1984. It attempted to continue its services by totally reorganizing its service delivery system. Efforts continued another two years but on September 25, 1986 a Chapter 11 bankruptcy notice was filed.
=610  20$aSeattle Opportunities Industrialization Center$vArchives.
=650  \0$aVocational training centers$zWashington (State)$zSeattle.
=650  \6$aCentres de formation professionnelle$0(CaQQLa)201-0291792$zWashington (État)$0(CaQQLa)201-0394837$zSeattle.$0(CaQQLa)201-0394837
=610  27$aSeattle Opportunities Industrialization Center$2fast$0(OCoLC)fst00627154
=650  \7$aVocational training centers$2fast$0(OCoLC)fst01168726
=651  \7$aWashington (State)$zSeattle$2fast$0(OCoLC)fst01204940
=655  \7$afinancial records.$2aat$0(CStmoGRI)aatgf300027473
=655  \7$aminute books.$2aat$0(CStmoGRI)aatgf300135375
=655  \7$aminutes (administrative records)$2aat$0(CStmoGRI)aatgf300027440
=655  \7$aphotographs.$2aat$0(CStmoGRI)aatgf300046300
=655  \7$anews bulletins.$2aat$0(CStmoGRI)aatgf300026435
=655  \7$anewsletters.$2aat$0(CStmoGRI)aatgf300026652
=655  \7$acontracts.$2aat$0(CStmoGRI)aatgf300027649
=655  \7$aArchives$2fast$0(OCoLC)fst01423700
=655  \7$aContracts$2fast$0(OCoLC)fst01774255
=655  \7$aMinutes (Records)$2fast$0(OCoLC)fst01919940
=655  \7$aNewsletters$2fast$0(OCoLC)fst01919943
=655  \7$aPhotographs$2fast$0(OCoLC)fst01423689
=655  \7$aMinutes (Records)$2lcgft
=655  \7$aPhotographs.$2lcgft
=655  \7$aNewsletters.$2lcgft
=655  \7$aContracts.$2lcgft
=655  \7$aProcès-verbaux.$2rvmgf$0(CaQQLa)RVMGF-000001222
=655  \7$aPhotographies.$2rvmgf$0(CaQQLa)RVMGF-000001676
=655  \7$aLettres d'informations.$2rvmgf$0(CaQQLa)RVMGF-000001104
=655  \7$aContrats.$2rvmgf$0(CaQQLa)RVMGF-000001473
=856  40$uhttp://archiveswest.orbiscascade.org/ark:/80444/xv41479$zConnect to the finding aid for this collection.
=049  \\$aWAUW

