=LDR  03754ckcaa2200601 i 4500
=001  959630825
=008  160930i19702010waunnn\\\\\\\\\\\\kneng\d
=005  20220429124654.1
=040  \\$aWAU$beng$edacs$erda$cWAU$dWAU$dOCLCF$dWAU$dOCLCO
=046  \\$o1970$p2010$2edtf
=100  1\$aSavage, Roy$c(Photographer),$ecreator.
=245  10$aRoy Savage prints, posters, and photographs.
=264  \0$c1970s-2000s
=300  \\$a1$fbox of photographs$aplus 5 oversize folders of posters
=336  \\$astill image$bsti$2rdacontent
=337  \\$aunmediated$bn$2rdamedia
=338  \\$asheet$bnb$2rdacarrier
=545  0\$aRoy Savage was an artist, photographer, union member, and progressive activist. He worked as a member of the Service Employees International Union, Local 6 as a janitor at Rention High School and wrote for the SEIU union newspaper for his school "Renton 6 News: Custodians & Grounds". Savage was an organizer of the Solidarity Day picnic in the Seattle area for years. Savage also provided sound for many labor, social justice, and protest events in the Seattle area. Savage died of a heart attack in his late 60s.
=520  \\$aThe collection contains issues of this publications, as well as photographs taken mostly by Savage as well as fellow labor activist Earl George. Photographs include various labor and peace movement actions, including a labor movement commoration of Paul Robeson's famous concert at Peace Park on the US-Canada border and various Solidarity march and picnic photographs.
=500  \\$aForms part of the Labor Archives of Washington.
=506  \\$aNo restrictions on access.
=540  \\$aCreator's copyrights transferred to the University of Washington Libraries Special Collections.
=600  10$aSavage, Roy$c(Photographer)$vArchives.
=650  \0$aLabor unions$zWashington (State)$zSeattle.
=650  \0$aLabor$zWashington (State)$zSeattle.
=650  \0$aArtists$zWashington (State)$zSeattle.
=650  \0$aLabor movement$zWashington (State)$zSeattle.
=650  \0$aLabor union members$zWashington (State)$zSeattle.
=650  \6$aSyndicats$0(CaQQLa)201-0007001$zWashington (État)$0(CaQQLa)201-0394837$zSeattle.$0(CaQQLa)201-0394837
=650  \6$aTravail$0(CaQQLa)201-0093408$zWashington (État)$0(CaQQLa)201-0394837$zSeattle.$0(CaQQLa)201-0394837
=650  \6$aArtistes$0(CaQQLa)201-0001860$zWashington (État)$0(CaQQLa)201-0394837$zSeattle.$0(CaQQLa)201-0394837
=650  \6$aMouvement ouvrier$0(CaQQLa)201-0078721$zWashington (État)$0(CaQQLa)201-0394837$zSeattle.$0(CaQQLa)201-0394837
=650  \6$aSyndiqués$0(CaQQLa)201-0268551$zWashington (État)$0(CaQQLa)201-0394837$zSeattle.$0(CaQQLa)201-0394837
=650  \7$aArtists.$2fast$0(OCoLC)fst00817559
=650  \7$aLabor.$2fast$0(OCoLC)fst00989798
=650  \7$aLabor movement.$2fast$0(OCoLC)fst00990079
=650  \7$aLabor union members.$2fast$0(OCoLC)fst00990256
=650  \7$aLabor unions.$2fast$0(OCoLC)fst00990260
=651  \7$aWashington (State)$zSeattle.$2fast$0(OCoLC)fst01204940
=655  \2$aPoster$0(DNLM)D019519
=655  \2$aPhotograph$0(DNLM)D059036
=655  \7$aposters.$2aat$0(CStmoGRI)aatgf300027221
=655  \7$aphotographs.$2aat$0(CStmoGRI)aatgf300046300
=655  \7$aArchives.$2fast$0(OCoLC)fst01423700
=655  \7$aPhotographs.$2fast$0(OCoLC)fst01423689
=655  \7$aPosters.$2fast$0(OCoLC)fst01423847
=655  \7$aPosters.$2lcgft
=655  \7$aPhotographs.$2lcgft
=655  \7$aAffiches.$2rvmgf$0(CaQQLa)RVMGF-000001052
=655  \7$aPhotographies.$2rvmgf$0(CaQQLa)RVMGF-000001676
=710  2\$aLabor Archives of Washington,$ecurator.
=856  42$uhttp://archiveswest.orbiscascade.org/ark:/80444/xv22613$zConnect to the online finding aid for this collection
=049  \\$aWAUW

