=LDR  06393cgcaa22008297i 4500
=001  1137323318
=008  200123i20132017xx\---\\\\\\\\\\\\vleng\d
=005  20220328173842.3
=007  vz\czazzu
=040  \\$aWAU$beng$erda$edacs$cWAU$dWAU$dOCLCF$dWAU$dOCLCO$dOCLCQ
=041  0\$heng
=043  \\$an-us-ca$an-us-or$an-us-wa
=046  \\$o2013$p2017$2edtf
=110  2\$aPacific Coast Pensioners Association.$bOral History Committee,$ecreator.
=245  10$aOral history interviews of the International Longshore and Warehouse Union, Pacific Coast Pensioners Association Oral History Project.
=264  \0$c2013-2017
=300  \\$a26 video files
=336  \\$atwo-dimensional moving image$btdi$2rdacontent
=336  \\$atext$btxt$2rdacontent
=337  \\$acomputer$bc$2rdamedia
=338  \\$aonline resource$bcr$2rdacarrier
=347  \\$avideo file$2rdaft
=347  \\$atext file$2rdaft
=347  \\$bMP4
=347  \\$bPDF
=386  \\$aAmericans$2lcdgt
=386  \\$aMen$aWomen$2lcdgt
=545  1\$a"The first pensions dispensed to retiring longshore workers, members of the International Longshore and Warehouse Union, were issued in July 1952. Soon after retiring, many of this first wave of ILWU pensioners organized into regional clubs on the West Coast. At first, they served mainly as fraternal organizations for retired ILWU members and partners to socialize. Soon, however, the activist culture of the ILWU became evident and the clubs began to take action on senior citizens' issues, labor problems and matters relating to the ILWU locals from which they retired. In 1968 those regional ILWU pensioner clubs formed the coastwide Pacific Coast Pensioners Association, calling an organizing convention in September of 1968 with the goal of founding a fraternal organization of ILWU pensioners that would allow them to act with unity as an advocacy as well as a social organization, their official motto becoming "Retired from the Job But Not From the Struggle". The PCPA holds an annual convention at a port on the West Coast, with the location changing every year. They also have the unusual position within union retiree organizations of having a member on the ILWU's contract negotiation team during the collective bargaining process to ensure the concerns of retired members are addressed"-- https://www.ilwu.org/why-the-pacific-coast-pensioners-association
=520  2\$aOral history interviews collected by the Oral History Committee of the Pacific Coast Pensioners Association of the International Longshore and Warehouse Union between 2013-2017. Video oral history interviews of ILWU pensioners and PCPA members on their worklives, career and membership in the ILWU, and membership and participation in the PCPA. Project files also include some brief video clips of ILWU pickets and actions and short anecdotes taken by historian Ron Magden, who also did many of the oral histories. ILWU oral historian Harvey Schwartz performed the rest of the interviews.
=506  \\$aThe collection is entirely digital and can be accessed only on the Libraries Digital Collections website.
=540  \\$aCreator's copyrights transferred to the University of Washington Libraries Special Collections.
=541  \\$cDonated by:$aConor Casey, Chair of the Pacific Coast Pensionsers Association Oral History Committee.
=546  \\$aCollection materials are in English.
=610  20$aPacific Coast Pensioners Association.$bOral History Committee$vArchives.
=650  \0$aLabor union members$zPacific States$vInterviews.
=650  \0$aStevedores$zPacific States$vInterviews.
=650  \0$aRetirees$zPacific States$vInterviews.
=610  20$aPacific Coast Pensioners Association$xHistory$vSources.
=610  20$aInternational Longshore and Warehouse Union$xHistory$vSources.
=650  \0$aLabor$zPacific States$xHistory$vSources.
=650  \0$aLabor unions$zPacific States$xHistory$vSources.
=650  \0$aLabor movement$zPacific States$xHistory$vSources.
=650  \6$aSyndiqués$0(CaQQLa)201-0268551$zÉtats du Pacifique (États-Unis)$0(CaQQLa)201-0407719$vEntretiens.$0(CaQQLa)201-0378030
=650  \6$aDébardeurs$0(CaQQLa)201-0055246$zÉtats du Pacifique (États-Unis)$0(CaQQLa)201-0407719$vEntretiens.$0(CaQQLa)201-0378030
=650  \6$aRetraités$0(CaQQLa)201-0040430$zÉtats du Pacifique (États-Unis)$0(CaQQLa)201-0407719$vEntretiens.$0(CaQQLa)201-0378030
=650  \6$aTravail$0(CaQQLa)201-0093408$zÉtats du Pacifique (États-Unis)$0(CaQQLa)201-0407719$xHistoire$0(CaQQLa)201-0382350$vSources.$0(CaQQLa)201-0382350
=650  \6$aSyndicats$0(CaQQLa)201-0007001$zÉtats du Pacifique (États-Unis)$0(CaQQLa)201-0407719$xHistoire$0(CaQQLa)201-0382350$vSources.$0(CaQQLa)201-0382350
=650  \6$aMouvement ouvrier$0(CaQQLa)201-0078721$zÉtats du Pacifique (États-Unis)$0(CaQQLa)201-0407719$xHistoire$0(CaQQLa)201-0382350$vSources.$0(CaQQLa)201-0382350
=610  27$aInternational Longshore and Warehouse Union.$2fast$0(OCoLC)fst00774149
=650  \7$aLabor.$2fast$0(OCoLC)fst00989798
=650  \7$aLabor movement.$2fast$0(OCoLC)fst00990079
=650  \7$aLabor union members.$2fast$0(OCoLC)fst00990256
=650  \7$aLabor unions.$2fast$0(OCoLC)fst00990260
=650  \7$aRetirees.$2fast$0(OCoLC)fst01096254
=650  \7$aStevedores.$2fast$0(OCoLC)fst01133295
=651  \7$aUnited States$zPacific States.$2fast$0(OCoLC)fst01243532
=655  \2$aInterview$0(DNLM)D017203
=655  \7$atranscripts.$2aat$0(CStmoGRI)aatgf300027388
=655  \7$ainterviews.$2aat$0(CStmoGRI)aatgf300026392
=655  \7$aoral histories (literary works)$2aat$0(CStmoGRI)aatgf300202595
=655  \7$aArchives.$2fast$0(OCoLC)fst01423700
=655  \7$aHistory.$2fast$0(OCoLC)fst01411628
=655  \7$aInterviews.$2fast$0(OCoLC)fst01423832
=655  \7$aOral histories.$2fast$0(OCoLC)fst01726295
=655  \7$aSources.$2fast$0(OCoLC)fst01423900
=655  \7$aInterviews.$2lcgft
=655  \7$aOral histories.$2lcgft
=655  \7$aInterviews.$2rvmgf$0(CaQQLa)RVMGF-000000446
=655  \7$aHistoires orales.$2rvmgf$0(CaQQLa)RVMGF-000312406
=856  41$uhttps://digitalcollections.lib.washington.edu/digital/search/searchterm/6194-001/$zConnect to the digital version of this collection
=856  42$uhttp://archiveswest.orbiscascade.org/ark:/80444/xv600646$zConnect to the finding aid for this collection
=049  \\$aWAUW

