=LDR  10751cpcaa22012377a 4500
=001  28416801
=008  880914i19332003wau\\\\\\\\\\\\\\\\\eng\d
=005  20220725180629.8
=010  \\$a   88798360 
=040  \\$aWAU$beng$edacs$cWAU$dDLC$dOCL$dOCLCQ$dOCLCG$dWAU$dOCLCQ$dOCLCO$dOCLCA$dNUCMC$dOCLCA$dOCLCO$dOCLCA$dWAU$dOCLCO$dWAU$dOCLCA$dOCLCF$dOCLCA$dOCL$dWAU$dOCLCO$dOCL$dOCLCQ
=043  \\$an-us-wa$an-us---$anc-----$ancnq---$aa-ph---
=100  1\$aCaughlan, John,$d1909-1999.
=245  10$aJohn Caughlan papers,$f1933-2003.
=300  \\$a56.95 cubic feet$a(88 boxes, 3 oversize folders and two vertical files)
=351  \\$aArranged in three accessions according to the date of receipt: 1. Accession No. 0704-001, John Caughlan papers, 1933-1965; Accession No. 0704-002, John Caughlan papers, 1936-1999; Accession No. 0704-003, John Caughlan papers and photographs, 1936-2003.
=545  0\$aSeattle attorney and civil rights leader John Caughlan (1909-1999) was a champion of civil liberties and human rights over the course of a long career.$bCaughlan was born in Missouri, but moved with his family to Eastern Washington in 1911, before settling in Seattle. He attended the University of Washington as an undergraduate and graduated from Harvard Law School in 1935. He returned to Seattle after a short stint in New York. In 1938, Caughlan became a deputy prosecutor for King County, but he eventually was dismissed for refusing to publicly denounce the Soviet Union. During this period, he independently represented CIO official, Dick Law, at the inquest into the death of his wife, Laura Law. Caughlan spent the rest of his career in private practice. During the 1940s and 1950s, he represented labor unions, union activists, the Communist Party, foreign-born residents facing deportation because of their political activities, and individuals accused of "subversive" or "un-American" activities. Among these clients were Hazel Wolf, as well as a number of witnesses before the hearings conducted by the Washington State Legislature's Joint Legislative Fact Finding Committee on Un-American Activities, led by Albert F. Canwell, in 1947-1948. In the 1960s and 1970s, Caughlan's focus moved to segregation and racial discrimination, and human rights beyond the United States. Human rights abuses by governments supported by the United States would remain an issue of ongoing concern for Caughlan. In 1977, he went to the Philippines as part of a delegation headed by former United States Attorney General Ramsey Clark, on a fact-finding mission to investigate human rights violations by the Marcos regime. During the 1980s, he travelled several times to Central America, particularly Nicaragua, participating in a National Lawyers Guild mission in 1984 to observe the Nicaraguan elections, and also represented Central American refugees in their immigration cases. After the 1981 murders of Filipino union organizers and anti-Marcos activists Silme Domingo and Gene Viernes, Caughlan was part of the legal team which represented the families in a civil suit against Ferdinand and Imelda Marcos and the Republic of the Philippines. Caughlan was also much concerned with nuclear power issues and later became very involved with the Line of March. Other organizations with which Caughlan was active included the American Civil Liberties Union of Washington, the National Lawyers Guild, and the Seattle chapter of the National Lawyers Guild. Caughlan died on April 17, 1999.
=520  8\$aThe John Caughlan papers primarily document the activities of the Seattle lawyer and activist through case files (which frequently include correspondence, newsletters, pleadings, and reports) representing a comprehensive range of the causes with which he was involved from the 1930s through the 1990s.$bSignificant legal cases include: the Smith Act case of United States vs. Henry Huff, the Canwell hearings, Richard Law murder defense, Marine Cooks and Stewards Union, Washington Pension Union, Domingo et al. vs. Ferdinand Marcos et al., conscientious objector cases, and cases involving members of the Black Panthers (including Elmer Dixon). Also included is additional material related to Caughlan's work on behalf of clients called to testify in the Canwell Committee hearings. Subject files document his interest in, and visits to, Central America and the Philippines. Related organizations' records show his involvement with the National Lawyers Guild, both on the national and local levels. Also of note is a photograph album of the Seattle chapter's 50th anniversary. Includes prison letters from Caughlan's eight months of incarcertion in McNeil Island federal penitentiary and photographs from several civil rights and civil liberties cases.
=506  \\$aOpen to all users, but access to portions of the papers restricted. Contact repository for details
=540  \\$aCreator's literary rights transferred to the University of Washington Libraries.
=555  0\$aFinding aid available in the repository.
=500  \\$aThe photograph of John Caughlan used for the finding aid is located in the NLG Seattle Chapter photo album in Box 32.
=600  10$aCaughlan, John,$d1909-1999$vArchives.
=600  10$aDixon, Elmer.
=600  10$aHuff, Henry P.
=600  10$aLaw, Laura,$d-1940.
=600  10$aLaw, Richard$c(Union official)
=600  10$aDomingo, Silme,$d1952-1981.
=600  10$aViernes, Gene,$d1951-1981.
=600  10$aWolf, Hazel,$d1898-2000.
=610  20$aAmerican Civil Liberties Union of Washington.
=610  20$aLine of March Black Liberation Commission.
=610  20$aMarine Cooks and Stewards Union.
=610  20$aNational Lawyers Guild.
=610  20$aNational Lawyers Guild.$bSeattle Chapter.
=610  20$aSeattle Black Panther Party.
=610  20$aWashington Pension Union.
=610  10$aWashington (State).$bLegislature.$bJoint Legislative Fact-Finding Committee on Un-American Activities.
=650  \0$aLawyers$zWashington (State)$zSeattle$vArchives.
=650  \0$aAntinuclear movement$zWashington (State)
=650  \0$aCannery workers$xLabor unions$zWashington (State)$zSeattle.
=650  \0$aCommunism$zWashington (State)
=650  \0$aCommunist trials$zUnited States.
=650  \0$aCommunist trials$zWashington (State)
=650  \0$aConscientious objectors.
=650  \0$aGovernmental investigations$zWashington (State)
=650  \0$aHuman rights$zCentral America.
=650  \0$aHuman rights$zNicaragua.
=650  \0$aHuman rights$zPhilippines.
=650  \0$aPension trusts$zWashington (State)
=650  \0$aSubversive activities$zWashington (State)
=650  \0$aTrials (Political crimes and offenses)$zUnited States.
=651  \0$aWashington (State)$xCivil rights.
=651  \0$aWashington (State)$xPolitics and government.
=650  \6$aMouvement antinucléaire$0(CaQQLa)201-0019398$zWashington (État)$0(CaQQLa)201-0395184
=650  \6$aConserveries$0(CaQQLa)201-0185657$xPersonnel$0(CaQQLa)201-0185657$xSyndicats$0(CaQQLa)201-0185657$zWashington (État)$0(CaQQLa)201-0394837$zSeattle.$0(CaQQLa)201-0394837
=650  \6$aProcès communistes$0(CaQQLa)201-0030138$zÉtats-Unis.$0(CaQQLa)201-0407727
=650  \6$aProcès communistes$0(CaQQLa)201-0030138$zWashington (État)$0(CaQQLa)201-0395184
=650  \6$aObjecteurs de conscience.$0(CaQQLa)201-0011668
=650  \6$aDroits de l'homme (Droit international)$0(CaQQLa)201-0065399$zAmérique centrale.$0(CaQQLa)201-0420723
=650  \6$aDroits de l'homme (Droit international)$0(CaQQLa)201-0065399$zNicaragua.$0(CaQQLa)201-0493125
=650  \6$aDroits de l'homme (Droit international)$0(CaQQLa)201-0065399$zPhilippines.$0(CaQQLa)201-0493145
=650  \6$aActivités subversives$0(CaQQLa)201-0000506$zWashington (État)$0(CaQQLa)201-0395184
=650  \6$aProcès (Crimes et délits politiques)$0(CaQQLa)201-0030107$zÉtats-Unis.$0(CaQQLa)201-0407727
=651  \6$aWashington (État)$0(CaQQLa)201-0113960$xDroits.$0(CaQQLa)201-0374748
=651  \6$aWashington (État)$xPolitique et gouvernement.$0(CaQQLa)201-0106090
=600  17$aCaughlan, John,$d1909-1999.$2fast$0(OCoLC)fst00205644
=600  17$aDomingo, Silme,$d1952-1981$2fast$0(OCoLC)fst01816118
=600  17$aHuff, Henry P.$2fast$0(OCoLC)fst00205642
=600  17$aLaw, Laura,$d-1940.$2fast$0(OCoLC)fst01830116
=600  17$aViernes, Gene,$d1951-1981$2fast$0(OCoLC)fst01856025
=600  17$aWolf, Hazel,$d1898-2000.$2fast$0(OCoLC)fst00222023
=610  27$aAmerican Civil Liberties Union of Washington.$2fast$0(OCoLC)fst00539263
=610  27$aMarine Cooks and Stewards Union.$2fast$0(OCoLC)fst00632535
=610  27$aNational Lawyers Guild.$2fast$0(OCoLC)fst00532777
=610  27$aWashington Pension Union.$2fast$0(OCoLC)fst00627494
=610  17$aWashington (State).$bLegislature.$bJoint Legislative Fact-Finding Committee on Un-American Activities.$2fast$0(OCoLC)fst00627497
=650  \7$aAntinuclear movement.$2fast$0(OCoLC)fst00810626
=650  \7$aCannery workers$xLabor unions.$2fast$0(OCoLC)fst00845848
=650  \7$aCivil rights.$2fast$0(OCoLC)fst00862627
=650  \7$aCommunism.$2fast$0(OCoLC)fst00870421
=650  \7$aCommunist trials.$2fast$0(OCoLC)fst00870610
=650  \7$aConscientious objectors.$2fast$0(OCoLC)fst00875431
=650  \7$aGovernmental investigations.$2fast$0(OCoLC)fst00945690
=650  \7$aHuman rights.$2fast$0(OCoLC)fst00963285
=650  \7$aLawyers.$2fast$0(OCoLC)fst00994346
=650  \7$aPension trusts.$2fast$0(OCoLC)fst01057041
=650  \7$aPolitics and government.$2fast$0(OCoLC)fst01919741
=650  \7$aSubversive activities.$2fast$0(OCoLC)fst01136956
=650  \7$aTrials (Political crimes and offenses)$2fast$0(OCoLC)fst01156388
=651  \7$aCentral America.$2fast$0(OCoLC)fst01244535
=651  \7$aNicaragua.$2fast$0(OCoLC)fst01228307
=651  \7$aPhilippines.$2fast$0(OCoLC)fst01205261
=651  \7$aUnited States.$2fast$0(OCoLC)fst01204155
=651  \7$aWashington (State)$2fast$0(OCoLC)fst01204703
=651  \7$aWashington (State)$zSeattle.$2fast$0(OCoLC)fst01204940
=655  \7$acase files.$2aat$0(CStmoGRI)aatgf300026977
=655  \7$acorrespondence.$2aat$0(CStmoGRI)aatgf300026877
=655  \7$anewsletters.$2aat$0(CStmoGRI)aatgf300026652
=655  \7$areports.$2aat$0(CStmoGRI)aatgf300027267
=655  \7$anews bulletins.$2aat$0(CStmoGRI)aatgf300026435
=655  \7$aNewsletters.$2fast$0(OCoLC)fst01919943
=655  \7$aArchives.$2fast$0(OCoLC)fst01423700
=655  \7$aNewsletters.$2lcgft
=655  \7$aLettres d'informations.$2rvmgf$0(CaQQLa)RVMGF-000001104
=856  42$uhttp://archiveswest.orbiscascade.org/ark:/80444/xv87319$zConnect to the online finding aid for this collection
=049  \\$aWAUW

