=LDR  06631cpcaa22009017i 4500
=001  123949999
=008  070503i19211972wau\\\\\\\\\\\\\\\\\eng\d
=005  20220515070401.5
=040  \\$aWAU$beng$erda$edacs$cWAU$dWAU$dOCLCQ$dWAU$dOCLCO$dOCLCA$dOCLCF$dWAU$dOCLCO$dWAU$dOCLCO$dOCLCQ$dOCLCO
=043  \\$an-us-wa
=046  \\$k1921$l1972
=100  1\$aClancy, Joseph,$d1896-1973,$ecreator.
=245  10$aJoseph Clancy papers
=264  \0$c1921-1972
=300  \\$a1.96$fcubic feet$a(4 boxes) plus 4 oversize folders
=336  \\$atext$btxt$2rdacontent
=336  \\$astill image$bsti$2rdacontent
=336  \\$atactile three-dimensional form$btcf$2rdacontent
=337  \\$aunmediated$bn$2rdamedia
=338  \\$asheet$bnb$2rdacarrier
=338  \\$aobject$bnr$2rdacarrier
=545  0\$aJoseph P. "Joe" Clancy was born in Montana in 1896. He was Secretary of the International Brotherhood of Boilermakers, Iron Ship Builders and Helpers of America, Local 104, in Seattle, Washington from 1941 to 1972. In 1946, tensions escalated between International President Charles J. MacGowan and members of Local 104 after the president attempted to take control of the Local through an appointed board of governors. Clancy and fellow officer Bill Miller were subsequently tried and suspended from the local after refusing to turn over Local 104's funds, newspaper, and records to MacGowan. Initially MacGowan's actions were upheld after the case was first taken to the Seattle superior court by members of the local; however, this decision was reversed several years later by the Washington State Supreme Court. The local was given back control over elections of officers, and Clancy was re-elected to Local 104 in the mid-1950s. Clancy passed away in 1973 shortly after finishing his term as union secretary in 1972.
=520  2\$aThe Joseph Clancy papers span the years 1921-1972 and contain records related to Clancy's work as Secretary of the International Brotherhood of Boilermakers, Iron Ship Builders and Helpers of America, Local 104 in Seattle, Washington. A majority of the materials pertain to International President MacGowan's efforts to take control of Local 104 and the trial and suspension of Clancy and Bill Miller from the union. Also included are records related to the activities of Local 72 in Portland, Oregon. The collection also contains a scrapbook, likely compiled by Clancy, containing news clippings, photographs, correspondence, election materials, printed materials, and ephemera related to the IBB. Loose materials previously folded into the scrapbook were removed for preservation reasons, placed in folders, and housed with the other foldered materials. This is denoted in the folder titles for these materials.
=506  \\$aOpen to all users.
=540  \\$aCreator's literary rights transferred to the University of Washington Libraries.
=500  \\$aForms part of the Labor Archives of Washington (University of Washington).
=541  \\$cDonated by$aPatrick Clancy,$d1/9/1974.
=600  10$aClancy, Joseph,$d1896-1973$vArchives.
=600  10$aClancy, Joseph,$d1896-1973$vPhotographs.
=610  20$aInternational Brotherhood of Boilermakers, Iron Shipbuilders, Blacksmiths, Forgers, and Helpers.$bLocal 104 (Seattle, Wash.)$vArchives.
=610  20$aInternational Brotherhood of Boilermakers, Iron Shipbuilders, Blacksmiths, Forgers, and Helpers.$bLocal 104 (Seattle, Wash.)$xFinance.
=610  20$aInternational Brotherhood of Boilermakers, Iron Shipbuilders, Blacksmiths, Forgers, and Helpers.$bLocal 104 (Seattle, Wash.)$xMembership.
=610  20$aInternational Brotherhood of Boilermakers, Iron Shipbuilders, Blacksmiths, Forgers, and Helpers.$bLocal 104 (Seattle, Wash.)$xAdministration.
=610  20$aInternational Brotherhood of Boiler Makers, Iron Ship Builders, and Helpers of America.$bLocal 72$vArchives.
=650  \0$aLabor unions$zWashington (State)$zSeattle.
=650  \0$aLabor movement$zWashington (State)$zSeattle.
=650  \0$aLabor$zWashington (State)$zSeattle.
=650  \6$aSyndicats$0(CaQQLa)201-0007001$zWashington (État)$0(CaQQLa)201-0394837$zSeattle.$0(CaQQLa)201-0394837
=650  \6$aMouvement ouvrier$0(CaQQLa)201-0078721$zWashington (État)$0(CaQQLa)201-0394837$zSeattle.$0(CaQQLa)201-0394837
=650  \6$aTravail$0(CaQQLa)201-0093408$zWashington (État)$0(CaQQLa)201-0394837$zSeattle.$0(CaQQLa)201-0394837
=610  27$aInternational Brotherhood of Boilermakers, Iron Shipbuilders, Blacksmiths, Forgers, and Helpers.$bLocal 104 (Seattle, Wash.)$2fast$0(OCoLC)fst00642579
=650  \7$aFinance.$2fast$0(OCoLC)fst00924349
=650  \7$aLabor.$2fast$0(OCoLC)fst00989798
=650  \7$aLabor movement.$2fast$0(OCoLC)fst00990079
=650  \7$aLabor unions.$2fast$0(OCoLC)fst00990260
=650  \7$aManagement.$2fast$0(OCoLC)fst01007141
=650  \7$aMembership requirements.$2fast$0(OCoLC)fst01353685
=651  \7$aWashington (State)$zSeattle.$2fast$0(OCoLC)fst01204940
=655  \2$aPhotograph$0(DNLM)D059036
=655  \2$aEphemera$0(DNLM)D019502
=655  \2$aLetter$0(DNLM)D016422
=655  \7$aphotographs.$2aat$0(CStmoGRI)aatgf300046300
=655  \7$abylaws (administrative records)$2aat$0(CStmoGRI)aatgf300027433
=655  \7$aprinted ephemera.$2aat$0(CStmoGRI)aatgf300264821
=655  \7$acommercial correspondence.$2aat$0(CStmoGRI)aatgf300026914
=655  \7$aArchives.$2fast$0(OCoLC)fst01423700
=655  \7$aBusiness correspondence.$2fast$0(OCoLC)fst01919897
=655  \7$aBy-laws.$2fast$0(OCoLC)fst01423762
=655  \7$aEphemera.$2fast$0(OCoLC)fst01919921
=655  \7$aMinutes (Records)$2fast$0(OCoLC)fst01919940
=655  \7$aPhotographs.$2fast$0(OCoLC)fst01423689
=655  \7$aRecords (Documents)$2fast$0(OCoLC)fst01919961
=655  \7$aBy-laws.$2lcgft
=655  \7$aMinutes (Records)$2lcgft
=655  \7$aRecords (Documents)$2lcgft
=655  \7$aEphemera.$2lcgft
=655  \7$aBusiness correspondence.$2lcgft
=655  \7$aPhotographs.$2lcgft
=655  \7$aPhotographies.$2rvmgf$0(CaQQLa)RVMGF-000001676
=655  \7$aStatuts.$2rvmgf$0(CaQQLa)RVMGF-000001472
=655  \7$aProcès-verbaux.$2rvmgf$0(CaQQLa)RVMGF-000001222
=655  \7$aDocuments administratifs.$2rvmgf$0(CaQQLa)RVMGF-000001054
=655  \7$aDocuments éphémères.$2rvmgf$0(CaQQLa)RVMGF-000001046
=655  \7$aCorrespondance commerciale.$2rvmgf$0(CaQQLa)RVMGF-000001162
=710  2\$aLabor Archives of Washington,$ecurator.
=740  0\$aAcc2218-001.
=856  42$uhttp://archiveswest.orbiscascade.org/ark:/80444/xv47265/$zConnect to the online finding aid for this collection.
=049  \\$aWAUW

