=LDR  04353cpcaa2200577 i 4500
=001  958389620
=008  160914i19231997wau\\\\\o\\\\\\\\\\\eng\d
=005  20220322054252.4
=040  \\$aWAU$beng$erda$edacs$cWAU$dWAU$dOCLCO$dWAU$dOCLCO$dOCLCF$dOCLCO
=046  \\$o1923$p1997$2edtf
=100  1\$aColumna, Potenciano Parin,$d1902-1997,$ecreator.
=245  10$aPotenciano Parin Columna digitized scrapbook.
=264  \0$c1923-1997 (bulk 1938-1945).
=300  \\$a152 TIFF image files (1.3 GB)
=336  \\$atext$btxt$2rdacontent
=337  \\$acomputer$bc$2rdamedia
=338  \\$aonline resource$bcr$2rdacarrier
=386  \\$aMen$2lcdgt
=386  \\$aAir pilots$2lcdgt
=386  \\$aVeterans$2lcdgt
=386  \\$aFilipinos$2lcdgt
=386  \\$aCalifornians$2lcdgt
=545  0\$aPotenciano Parin Columna was born on May 19, 1905 in General Trias, Cavite, Philippines. He often went by "Parin Colombo." Columna traveled to the United States in 1924, eventually moving to Los Angeles after brief stays in Vancouver, Seattle and New York. In 1933, Columna earned his pilot's license, becoming the first Filipino pilot in the United States. During World War II, Columna served in the armed forces as a technician overseas. He was also a long-term member of the Caballeros de Dimas-Alang, a fraternal organization in the Filipino community and filled many important leadership roles. When Carlos Bulosan, a noted Filipino novelist, poet and labor activist, was ill with tuberculosis and receiving treatment at the Los Angeles County Sanitarium (now the USC Medical Center), Columna and the Caballeros raised funds to help cover Bulosan's medical costs and try to send Bulosan back to the Philippines to recover. Columna also acted as the manager of The Luau, a Polynesian restaurant in Beverly Hills where he frequently hired Filipino immigrants, often for their first jobs in the United States. He acted as a benefactor for several Filipino students as they made their way through college, continuing to be an important leader in the Los Angeles Filipino community until his death on January 7, 1997.
=520  2\$aTIFF scans of a scrapbook of Potenciano Parin Columna's personal papers documenting his career as the first Filipino pilot in the United States, his service in World War II as a technician overseas. Other materials in the scrapbook chronicle the Caballeros de Dimas-Alang, a fraternal organization in the Filipino community and that organization's role in aiding Carlos Bulosan during his battle with tuberculosis.
=506  \\$aOpen to all users.
=540  \\$aCreator's literary rights transferred to the University of Washington Libraries.
=600  10$aColumna, Potenciano Parin,$d1902-1997$vArchives.
=650  \0$aWorld War, 1939-1945$vPersonal narratives.
=650  \0$aAir pilots$zUnited States$xHistory$vSources.
=650  \0$aFilipino Americans$zUnited States$xHistory$vSources.
=650  \6$aGuerre mondiale, 1939-1945$vRécits personnels.$0(CaQQLa)201-0056606
=650  \6$aPilotes d'aéronef$0(CaQQLa)201-0307674$zÉtats-Unis$0(CaQQLa)201-0307674$xHistoire$0(CaQQLa)201-0382350$vSources.$0(CaQQLa)201-0382350
=650  \6$aAméricains d'origine philippine$0(CaQQLa)201-0079090$zÉtats-Unis$0(CaQQLa)201-0407727$xHistoire$0(CaQQLa)201-0382350$vSources.$0(CaQQLa)201-0382350
=647  \7$aWorld War$d(1939-1945)$2fast$0(OCoLC)fst01180924
=648  \7$a1939-1945$2fast
=650  \7$aAir pilots.$2fast$0(OCoLC)fst00802420
=650  \7$aFilipino Americans.$2fast$0(OCoLC)fst00924194
=651  \7$aUnited States.$2fast$0(OCoLC)fst01204155
=655  \7$ascrapbooks.$2aat$0(CStmoGRI)aatgf300027341
=655  \7$aAlbums (Books)$2fast$0(OCoLC)fst01726784
=655  \7$aArchives.$2fast$0(OCoLC)fst01423700
=655  \7$aHistory.$2fast$0(OCoLC)fst01411628
=655  \7$aPersonal correspondence.$2fast$0(OCoLC)fst01919948
=655  \7$aPersonal narratives.$2fast$0(OCoLC)fst01423843
=655  \7$aSources.$2fast$0(OCoLC)fst01423900
=655  \7$aPersonal correspondence.$2lcgft
=655  \7$aAlbums (Books)$2lcgft
=655  \7$aAlbums personnalisés.$2rvmgf$0(CaQQLa)RVMGF-000001033
=655  \7$aCorrespondance privée.$2rvmgf$0(CaQQLa)RVMGF-000001056
=856  42$uhttp://archiveswest.orbiscascade.org/ark:/80444/xv73666$zConnect to the online finding aid for this collection
=049  \\$aWAUW

