=LDR  05885cpcaa22009611i 4500
=001  28375020
=005  20220418175744.0
=008  880630i19421974wau\\\\\\\\\\\\\\\\\eng\d
=010  \\$a   88797048 $bms 87001113 
=040  \\$aWaU$beng$eappm$cDLC$dWAU$dOCLCQ$dNUCMC$dOCLCO$dWAU$dOCLCA$dWAU$dOCLCA$dOCLCF$dWAU$dOCLCO
=043  \\$an-us-wa
=049  \\$aWAUW
=110  2\$aBuilding & Construction Trades Council (Seattle, Wash.)
=245  10$aSeattle Building and Construction Trades Council records,$f1942-1974.
=300  \\$a21.42 cubic feet (22 boxes)
=500  \\$aThe material described in this catalog record is located in the collections of the University of Washington Libraries (Seattle).
=545  \\$aFormerly Seattle Building Trades Council.
=520  8\$aMinutes, Correspondence, Financial records, Agreements, Bylaws, Court papers
=520  8\$aCorrespondence and other records, relating to the council's role in negotiations with employers, including affirmative action and apprenticeship programs with King County, Wash., Superior Court, State Higher Education Personnel Board, and University of Washington. Includes material relating to King County Affirmative Action Advisory Committee, King County Central Labor Council, King County Housing Authority, and Washington State Board Against Discrimination.
=555  8\$aFinding aid in the repository.
=506  \\$aAccess is restricted. Contact the Special Collections division of the University of Washington Libraries for details.
=610  10$aWashington (State).$bSuperior Court (King County)
=610  10$aWashington (State).$bHigher Education Personnel Board.
=610  20$aUniversity of Washington$xEmployees.
=610  10$aKing County (Wash.).$bAffirmative Action Advisory Committee.
=610  10$aKing County (Wash.).$bHousing Authority.
=610  20$aWashington State Board Against Discrimination.
=610  20$aAFL-CIO.$bKing County Labor Council of Washington.
=650  \0$aCourts$zWashington (State)
=650  \0$aCounty courts$zWashington (State)
=650  \0$aAffirmative action programs$zWashington (State)
=650  \0$aCollective labor agreements$xConstruction industry.
=650  \0$aCollective labor agreements$zWashington (State)
=650  \0$aLabor unions$zWashington (State)$xBuilding trades.
=650  \0$aApprentices$zWashington (State)
=650  \0$aBuilding trades$zWashington (State)
=650  \0$aConstruction industry$zWashington (State)
=650  \0$aHousing authorities$zWashington (State)
=650  \0$aEducation, Higher$zWashington (State)
=650  \0$aDiscrimination$zWashington (State)
=650  \0$aEducation, Higher$xPersonnel management.
=651  \4$aWashington (State)$xBusiness, industries, and trades$xConstruction.
=651  \4$aWashington (State)$xLabor.
=651  \4$aKing County (Wash.)$xLabor.
=651  \4$aWashington (State)$xLegal affairs.
=651  \4$aKing County (Wash.)$xLegal affairs.
=651  \4$aKing County (Wash.)$xHousing.
=650  \6$aTribunaux$0(CaQQLa)201-0002145$zWashington (État)$0(CaQQLa)201-0395184
=650  \6$aCounty courts$0(CaQQLa)201-0014360$zWashington (État)$0(CaQQLa)201-0395184
=650  \6$aProgrammes d'action positive$0(CaQQLa)201-0066779$zWashington (État)$0(CaQQLa)201-0395184
=650  \6$aConventions collectives$xConstruction$xIndustrie.$0(CaQQLa)201-0039362
=650  \6$aApprentis$0(CaQQLa)201-0078881$zWashington (État)$0(CaQQLa)201-0395184
=650  \6$aMétiers de la construction$0(CaQQLa)201-0034508$zWashington (État)$0(CaQQLa)201-0395184
=650  \6$aConstruction$0(CaQQLa)201-0038817$xIndustrie$0(CaQQLa)201-0038817$zWashington (État)$0(CaQQLa)201-0395184
=650  \6$aOffices d'habitation$0(CaQQLa)201-0250620$zWashington (État)$0(CaQQLa)201-0395184
=650  \6$aEnseignement supérieur$0(CaQQLa)201-0070156$zWashington (État)$0(CaQQLa)201-0395184
=650  \6$aEnseignement supérieur$0(CaQQLa)201-0070156$xPersonnel$0(CaQQLa)201-0380162$xDirection.$0(CaQQLa)201-0380162
=610  27$aAFL-CIO.$bKing County Labor Council of Washington.$2fast$0(OCoLC)fst00576124
=610  17$aKing County (Wash.).$bAffirmative Action Advisory Committee.$2fast$0(OCoLC)fst00627555
=610  17$aKing County (Wash.).$bHousing Authority.$2fast$0(OCoLC)fst00627556
=610  27$aUniversity of Washington.$2fast$0(OCoLC)fst00532763
=610  27$aWashington State Board Against Discrimination.$2fast$0(OCoLC)fst00518922
=610  17$aWashington (State).$bHigher Education Personnel Board.$2fast$0(OCoLC)fst00568344
=610  17$aWashington (State).$bSuperior Court (King County)$2fast$0(OCoLC)fst00627554
=650  \7$aAffirmative action programs.$2fast$0(OCoLC)fst00798899
=650  \7$aApprentices.$2fast$0(OCoLC)fst00811788
=650  \7$aBuilding trades.$2fast$0(OCoLC)fst00840860
=650  \7$aCollective labor agreements.$2fast$0(OCoLC)fst00867391
=650  \7$aCollective labor agreements$xConstruction industry.$2fast$0(OCoLC)fst00867431
=650  \7$aConstruction industry.$2fast$0(OCoLC)fst00875964
=650  \7$aCounty courts.$2fast$0(OCoLC)fst00881482
=650  \7$aCourts.$2fast$0(OCoLC)fst00881747
=650  \7$aDiscrimination.$2fast$0(OCoLC)fst00894985
=650  \7$aEducation, Higher.$2fast$0(OCoLC)fst00903005
=650  \7$aEducation, Higher$xPersonnel management.$2fast$0(OCoLC)fst00903082
=650  \7$aEmployees.$2fast$0(OCoLC)fst00909111
=650  \7$aHousing authorities.$2fast$0(OCoLC)fst00962371
=651  \7$aWashington (State)$2fast$0(OCoLC)fst01204703
=710  2\$aLabor Archives of Washington,$ecurator.
=740  0\$aacc2299-001
=740  0\$aacc2299-002
=851  \\$aUniversity of Washington Libraries$c(Seattle)
=856  42$uhttp://www.lib.washington.edu/specialcoll/findaids/docs/papersrecords/BuildingAndConstruction2299.xml$zConnect to the online finding aid for these papers

