=LDR  09905cpcaa22010937i 4500
=001  123949870
=008  070503i19051998wau\\\\\\\\\\\\\\\\\eng\d
=005  20220409162158.1
=007  ss\lunjlc|p||e
=007  co\cga||||||||
=040  \\$aWAU$beng$edacs$erda$cWAU$dOCLCQ$dWAU$dOCLCF$dWAU$dOCLCO$dOCLCA$dWAU$dOCLCO$dOCL$dOCLCO$dOCLCQ
=041  0\$heng
=043  \\$an-us-wa
=046  \\$o1905$p1998
=100  1\$aCopeland, Tom,$d1950-$ecollector,$ecompiler.
=245  10$aTom Copeland research materials on Elmer Smith and the Centralia Tragedy.
=264  \0$c1905-1998.
=300  \\$a1.95 cubic feet (3 boxes) plus 1 oversize vertical file (includes audiocassette and CD-ROMs)
=336  \\$atext$btxt$2rdacontent
=336  \\$aspoken word$bspw$2rdacontent
=337  \\$aunmediated$bn$2rdamedia
=337  \\$aaudio$bs$2rdamedia
=338  \\$asheet$bnb$2rdacarrier
=338  \\$avolume$bnc$2rdacarrier
=338  \\$aaudiocassette$bss$2rdacarrier
=338  \\$acomputer disc$bcd$2rdacarrier
=351  \\$aSeries 1: Subject files and research notes, 1905-1998. Subseries A: Edward Coll: Letters, Pamphlets, and Newspaper. Subseries B: Elmer Smith. Subseries C: Wesley Everest and Family. Subseries D: Radio Broadcast by Eugene Barnett. Subseries E: Centralia Tragedy and Trial. Subseries F: Scholarly Papers and Manuscripts. Subseries G: Newspaper and Magazine Articles. Subseries H: Smith Family Papers.
=351  \\$aSeries 2: Correspondence, 1942-1995.
=351  \\$aSeries 3: Oral history interview materials, 1972-1990. Subseries A: Transcripts, Notes, and Correspondence. Subseries B: Interview Audio Cassette Recordings. Subseries C: Digital Copies of Interview Transcripts and Recordings.
=545  0\$aTom Copeland is author of "The Centralia Tragedy of 1919: Elmer Smith and the Wobblies" and has worked in the family child care field since 1981.
=545  1\$aElmer Smith, who is documented in this collection, was a progressive lawyer in Centralia, Washington who defended the Industrial Workers of the World members arrested following the Centralia Tragedy of 1919. Smith was a high school teacher before becoming an attorney. As an attorney he represented IWW members, loggers and miners. After hearing rumors of a planned attack on their IWW meeting hall, several Wobblies consulted with Smith about whether they had a right to defend themselves and their hall. Their previous hall had been attacked the year before during a parade. Smith contacted Washington's governor and the IWW's asked for protection from Centralia law enforcement. However, both attempts were denied as were IWW member efforts to plead for justice from town residents. Smith then advised the Wobblies it would be legal to physically defend themselves if attacked first. On November 11th, 1919, under the guise of an Armistice Day Parade, American Legionnaires attacked the Centralia IWW hall. IWW members shot and killed four Legionnaires during the attack and wounded several others. A posse later mistakenly killed one of their own. IWW member Wesley Everest fled the scene, killing one of the men pursuing him, and was put in jail. That night, he was pulled from his cell by a group of vigilantes and lynched on a bridge above the Chehalis River. Ten men, including Smith, were arrested and tried for murder during a trial that was heavy with fear and intimidation. Seven men were found guilty and one was judged insane. Smith was acquitted and spent the rest of his life advocating for their release. He was harassed, arrested and disbarred for his work. He was reinstated before he died.
=541  \\$cDonated by:$aTom Copeland,$d2019.
=541  \\$cDonated by:$aHarvey O'Connor, 1972 (Biographical sketch of Elmer Smith)
=520  2\$aThis collection contains Tom Copeland's research materials on Elmer Smith, attorney for the Industrial Workers of the World involved in the Centralia Tragedy of 1919. These materials were used by Copeland in the writing of his book, The Centralia Tragedy of 1919: Elmer Smith and the Wobblies (1993). Also included are research materials from his 1986 article, "Wesley Everest, IWW Martyr" published in The Pacific Northwest Quarterly. As a part of his research, Copeland conducted a series of oral history interviews with Centralia residents in the 1970s, including members of Smith's family, IWW members, classmates, and others who knew him. Collection contents include Copeland's research notes as well as reproductions and originals gathered by Copeland from family members and archival repositories of news and magazine clippings, pamphlets, correspondence, and other primary sources, including papers and photographs from Elmer and the Smith family. The collection also contains several scholarly papers and manuscripts, including a draft with notes from Virginia Waddell, Smith's daughter, of her in-progress biography of her father. Other research materials include correspondence between Copeland and people who knew Smith as well as a large series of oral history interview materials, including correspondence between Copeland and interviewees, paper and digital copies oftranscriptions of some of the interviews, and analog and digital audiorecordings of many of the interviews. See the Arrangement Note for a full list of series and subseries. More detailed description of each series is also included in the collection inventory, integrating Tom Copeland's notes on the collection when available
=506  \\$aNo restrictions on access for paper-based materials; however, no user access copies are currently available for audio cassettes or 7" reel. Users may obtain a reproduction of the media for a fee by contacting Special Collections. Access to CD-ROMs can be arranged by making an appointment with the Labor Archives curator prior to viewing. Contact UW Special Collections for more details or to request an appointment
=540  \\$aCreator's copyights transferred to the University of Washington Libraries Special Collections.
=500  \\$aForms part of the Labor Archives of Washington.
=600  10$aSmith, Elmer,$d1888-1932$vSources.
=650  \0$aLawyers$zWashington (State)$vSources.
=650  \0$aCentralia Massacre, Centralia, Wash., 1919$xHistory$vSources.
=610  20$aIndustrial Workers of the World$xHistory$vSources.
=650  \0$aTrials (Murder)$zWashington (State)$xHistory$vSources.
=650  \0$aTrials (Riots)$zWashington (State)$xHistory$vSources.
=650  \0$aRiots$zWashington (State)$zCentralia$xHistory$vSources.
=650  \0$aLabor$zWashington (State)$xHistory$vSources.
=650  \0$aLabor unions$zWashington (State)$xHistory$vSources.
=650  \0$aLabor movement$zWashington (State)$xHistory$vSources.
=650  \6$aProcès (Meurtre)$0(CaQQLa)201-0030120$zWashington (État)$0(CaQQLa)201-0395184$xHistoire$0(CaQQLa)201-0382350$vSources.$0(CaQQLa)201-0382350
=650  \6$aProcès (Émeutes)$0(CaQQLa)201-0134315$zWashington (État)$0(CaQQLa)201-0395184$xHistoire$0(CaQQLa)201-0382350$vSources.$0(CaQQLa)201-0382350
=650  \6$aTravail$0(CaQQLa)201-0093408$zWashington (État)$0(CaQQLa)201-0395184$xHistoire$0(CaQQLa)201-0382350$vSources.$0(CaQQLa)201-0382350
=650  \6$aSyndicats$0(CaQQLa)201-0007001$zWashington (État)$0(CaQQLa)201-0395184$xHistoire$0(CaQQLa)201-0382350$vSources.$0(CaQQLa)201-0382350
=650  \6$aMouvement ouvrier$0(CaQQLa)201-0078721$zWashington (État)$0(CaQQLa)201-0395184$xHistoire$0(CaQQLa)201-0382350$vSources.$0(CaQQLa)201-0382350
=610  27$aIndustrial Workers of the World.$2fast$0(OCoLC)fst00545991
=650  \7$aLabor.$2fast$0(OCoLC)fst00989798
=650  \7$aLabor movement.$2fast$0(OCoLC)fst00990079
=650  \7$aLabor unions.$2fast$0(OCoLC)fst00990260
=650  \7$aLawyers.$2fast$0(OCoLC)fst00994346
=650  \7$aRiots.$2fast$0(OCoLC)fst01098069
=650  \7$aTrials (Murder)$2fast$0(OCoLC)fst01156368
=650  \7$aTrials (Riots)$2fast$0(OCoLC)fst01156396
=651  \7$aWashington (State)$2fast$0(OCoLC)fst01204703
=651  \7$aWashington (State)$zCentralia.$2fast$0(OCoLC)fst01221229
=647  \7$aCentralia Massacre$c(Centralia, Washington :$d1919)$2fast$0(OCoLC)fst01710052
=648  \7$a1919$2fast
=655  \2$aLetter$0(DNLM)D016422
=655  \2$aInterview$0(DNLM)D017203
=655  \2$aEphemera$0(DNLM)D019502
=655  \7$atranscripts.$2aat$0(CStmoGRI)aatgf300027388
=655  \7$aresearch notes.$2aat$0(CStmoGRI)aatgf300265639
=655  \7$anewspaper clippings.$2aat$0(CStmoGRI)aatgf300429554
=655  \7$aManuscripts.$2aat
=655  \7$aarticles.$2aat$0(CStmoGRI)aatgf300048715
=655  \7$acommercial correspondence.$2aat$0(CStmoGRI)aatgf300026914
=655  \7$afacsimiles (reproductions)$2aat$0(CStmoGRI)aatgf300121391
=655  \7$ainterviews.$2aat$0(CStmoGRI)aatgf300026392
=655  \7$aprinted ephemera.$2aat$0(CStmoGRI)aatgf300264821
=655  \7$aBusiness correspondence.$2fast$0(OCoLC)fst01919897
=655  \7$aEphemera.$2fast$0(OCoLC)fst01919921
=655  \7$aFacsimiles.$2fast$0(OCoLC)fst01411642
=655  \7$aHistory.$2fast$0(OCoLC)fst01411628
=655  \7$aInterviews.$2fast$0(OCoLC)fst01423832
=655  \7$aSources.$2fast$0(OCoLC)fst01423900
=655  \7$aBusiness correspondence.$2lcgft
=655  \7$aFacsimiles.$2lcgft
=655  \7$aInterviews.$2lcgft
=655  \7$aEphemera.$2lcgft
=655  \7$aCorrespondance commerciale.$2rvmgf$0(CaQQLa)RVMGF-000001162
=655  \7$aFac-similés.$2rvmgf$0(CaQQLa)RVMGF-000000444
=655  \7$aInterviews.$2rvmgf$0(CaQQLa)RVMGF-000000446
=655  \7$aDocuments éphémères.$2rvmgf$0(CaQQLa)RVMGF-000001046
=700  1\$iRelated (work)$aCopeland, Tom,$d1950-$tCentralia Tragedy of 1919.
=710  2\$aLabor Archives of Washington,$ecurator.
=856  42$uhttp://archiveswest.orbiscascade.org/ark:/80444/xv31320$zConnect to the finding aid for this collection
=049  \\$aWAUW

