=LDR  12510cpcaa2200997 i 4500
=001  1125967707
=008  191031i19552019wau\\\\\\\\\\\\\\\\\eng\d
=005  20230328132617.9
=040  \\$aWAU$beng$erda$edacs$cWAU$dWAU$dOCLCF$dOCLCO$dOCL$dWAU
=041  0\$heng
=046  \\$o1955$p2003
=100  1\$aCornish, Megan,$ecreator.
=245  10$aMegan Cornish papers.
=264  \0$c1955-2019.
=300  \\$a12.44 cubic feet$a(13 boxes)
=336  \\$atext$btxt$2rdacontent
=337  \\$aunmediated$bn$2rdamedia
=338  \\$asheet$bnb$2rdacarrier
=386  \\$aAmericans$aWashingtonians (Washington State)$2lcdgt
=386  \\$aWomen$2lcdgt
=545  0\$aMegan Cornish was born in 1947 into a military family and grew up in various locations around the United States. After graduating from Cornell University in 1969 with a BA in literature, Cornish moved to the Puget Sound region and worked at The Shelter Half, an anti-war GI coffeehouse in Tacoma. In her early years in the Pacific Northwest, Cornish was not a member of a formal group or organization. However, Cornish joined Radical Women after being drawn to the group's intersectional approach and became more interested in labor organizing. She took a job at a nursing home and also briefly worked in an industrial laundry facility.  In 1974, Cornish was recruited by Clara Fraser, a cofounder of Radical Women and education coordinator at Seattle City Light, to apply for a position as an Electrical Trades Trainee (ETT), an all-female affirmative action program designed by Fraser to integrate women into the electrical trades. Cornish was selected to be one of ten women ETT's out of an application pool of over 300. In the first weeks on the job, the sense of solidarity between workers as the result of a walkout that occurred just weeks before caused Cornish and the other female ETT's to be received well. The shared resentment towards City Light Superintendent Gordon Vickery and management created a sense of unity amongst the electrical workers and reduced their hostility towards their new female coworkers. The severed relationship between Fraser and management, however, left the ETT's in a highly vulnerable position as management sought to retaliate against Fraser through damaging the ETT program.  Only a week after starting, the ETT training program was canceled and Fraser was removed from her position as the training coordinator. Trainees were told on a Friday afternoon to report to field work the next week, where they made {dollar}1 less per hour than the other electrical helpers. In response, the ETT's filed a complaint with the City of Seattle Office of Women's Rights (OWR) stating that they were being denied the typical amount of training and pay reserved for male employees. After a year of training, Cornish and seven of the other ETT's were laid off, along with Fraser. The ETT's and Fraser saw their terminations as politically motivated and retaliatory, and they added the lay-offs to their OWR complaint.  As their case was being reviewed, the former ETT's engaged in a massive public relations campaign to win the support of the public. Numerous articles about the case were published in the local press, and the case became a central focus of the local women's movement. In July 1976, in a major victory, City Light was ordered to reinstate six of the terminated trainees, including Cornish, as well as to pay a settlement, give them back pay, and make them eligible for apprenticeship programs.  After the victorious court ruling, Cornish applied for a City Light apprenticeship as a lineworker, along with two other Radical Women members Teri Bach and Hildreth (Heidi) Durham. Cornish described this period as the "roughest" time during her career at City Light. Vickery and management, angered by the ruling, placed Cornish and her female colleagues into positions that were designed to be the most difficult to succeed in. Each of the women were placed into divisions that were known to be hostile to them, which ultimately led to Durham falling from a pole and breaking her back in a near fatal accident.  In addition to being antagonized by management, Cornish and the other women apprentices were also met with animosity from the male electrical workers that they worked alongside. In 1975, Local 77 of the IBEW staged a failed strike that led to harsher working conditions. Many male electricians, frustrated and demoralized by their strike's defeat, held resentment towards the former ETT's for winning their discrimination case, and these feelings were exploited by management to increase the sexist hostility of the work environments.  Despite having an affirmative action plan to diversify its workforce, Cornish, Bach, and Durham remained some of the only female electrical workers at City Light for nearly ten years. The three regularly gave public comment at Seattle City Council meetings to demand the hiring of more women and people of color at City Light. In the early 1980's, City Light hired its first new female electrical worker in nearly a decade.  In 1983, Cornish helped establish the Employee Committee for Equal Rights at City Light (CERCL) to fight workplace harassment and discrimination in response to inaction from management, union leaders, and the City of Seattle Human Rights Department (HRD). CERCL membership grew rapidly in the mid-1980's and pressured the HRD to investigate discrimination cases. In 1991, Cornish and Durham were jointly named Advocate of the Year by the Washington Women in the Trades.  Cornish retired from Seattle City Light in 2004 after 30 years. At the time of her retirement, she held the position of outage dispatcher, the highest position in the utility trades. She credits her adherence to feminism and political radicalism as essential to her successful accomplishments in her organizing at City Light. She remains an active member of Radical Women and the Freedom Socialist Party and continues to write for the Freedom Socialist newspaper.   Adapted from the Megan Cornish article on Wikipedia: https://en.wikipedia.org/wiki/Megan_Cornish
=520  2\$aThis collection contains records collected by Megan Cornish as one of the first female electricians at Seattle City Light between 1970 and 2003. The materials span from her apprenticeship in the Electrical Trades Trainee (ETT) affirmative action program until her retirement from Seattle City Light as a senior power dispatcher. Cornish helped found the Employee Committee for Equal Rights at City Light (CERCL) to fight race and sex discrimination within the agency. Much of the material is related to a series of discrimination lawsuits filed by Cornish and other members of the Freedom Socialist Party (FSP) and Radical Women, including Clara Fraser, Teri Bach, and Hildreth (Heidi) Durham.   There is also material related to Cornish's involvement and organizing efforts in her union, the International Brotherhood of Electrical Workers (IBEW), Local 77, and other unions including the International Federation of Professional and Technical Engineers (IFPTE), Local 17. These records contain meeting minutes, legal briefings and reports, worker testimonies; materials from other discrimination lawsuits; City of Seattle employee memorandums; correspondence; employee evaluations and documentations; City Light job postings; negotiated union contracts; Cornish's union cards and dues statements; leaflets; newsletters; and news articles related to Cornish's activities at City Light. This collection would be of particular interest to those interested in women in the labor movement, labor unions, feminism, socialism, affirmative action, discrimination, sexism, labor law, and organizing in the public sector.
=506  \\$aAccess to portions of the collection is restricted. Contact University of Washington Libraries Special Collections for details.
=540  \\$aCreator's copyrights transferred to the University of Washington Libraries Special Collections.
=541  \\$cDonated by:$aMegan Cornish.
=546  \\$aCollection materials are in English.
=544  1\$nSpecial Collections holds similar materials in these collections: Clara Fraser papers (Collection No. 3187); Tyree Scott papers (Collection No. 5245); George Hammer papers (Collection No. 6276)
=600  10$aCornish, Megan$vArchives.
=610  20$aSeattle City Light$xEmployees$vArchives.
=650  \0$aWomen electric industry workers$zWashington (State)$zSeattle$vArchives.
=650  \0$aSex discrimination in employment$zWashington (State)$zSeattle$xHistory$vSources.
=650  \0$aAffirmative action programs$zWashington (State)$zSeattle$xHistory$vSources.
=610  20$aSeattle City Light$xHistory$vSources.
=650  \0$aElectric industry workers$xTraining of$zWashington (State)$zSeattle$vSources.
=650  \0$aApprenticeship programs$zWashington (State)$zSeattle$xHistory$vSources.
=650  \0$aLabor$zWashington (State)$zSeattle.
=650  \6$aDiscrimination sexuelle dans l'emploi$0(CaQQLa)201-0094349$zWashington (État)$0(CaQQLa)201-0394837$zSeattle$0(CaQQLa)201-0394837$xHistoire$0(CaQQLa)201-0382350$vSources.$0(CaQQLa)201-0382350
=650  \6$aProgrammes d'action positive$0(CaQQLa)201-0066779$zWashington (État)$0(CaQQLa)201-0394837$zSeattle$0(CaQQLa)201-0394837$xHistoire$0(CaQQLa)201-0382350$vSources.$0(CaQQLa)201-0382350
=650  \6$aApprentissage professionnel$0(CaQQLa)201-0234383$zWashington (État)$0(CaQQLa)201-0394837$zSeattle$0(CaQQLa)201-0394837$xHistoire$0(CaQQLa)201-0382350$vSources.$0(CaQQLa)201-0382350
=650  \6$aTravail$0(CaQQLa)201-0093408$zWashington (État)$0(CaQQLa)201-0394837$zSeattle.$0(CaQQLa)201-0394837
=610  27$aSeattle City Light$2fast$0(OCoLC)fst00685373
=650  \7$aAffirmative action programs$2fast$0(OCoLC)fst00798899
=650  \7$aApprenticeship programs$2fast$0(OCoLC)fst00811806
=650  \7$aElectric industry workers$xTraining of$2fast$0(OCoLC)fst00904966
=650  \7$aEmployees$2fast$0(OCoLC)fst00909111
=650  \7$aLabor$2fast$0(OCoLC)fst00989798
=650  \7$aSex discrimination in employment$2fast$0(OCoLC)fst01114408
=650  \7$aWomen electric industry workers$2fast$0(OCoLC)fst01177608
=651  \7$aWashington (State)$zSeattle$2fast$0(OCoLC)fst01204940
=655  \7$aNewsletters.$2fast$0(OCoLC)fst01919943
=655  \7$anewspaper clippings.$2aat$0(CStmoGRI)aatgf300429554
=655  \7$afiles (document groupings)$2aat$0(CStmoGRI)aatgf300026942
=655  \7$abulletins.$2aat$0(CStmoGRI)aatgf300311679
=655  \7$anewsletters.$2aat$0(CStmoGRI)aatgf300026652
=655  \7$alegal documents.$2aat$0(CStmoGRI)aatgf300027590
=655  \7$anews bulletins.$2aat$0(CStmoGRI)aatgf300026435
=655  \7$acommercial correspondence.$2aat$0(CStmoGRI)aatgf300026914
=655  \7$arecords (documents)$2aat$0(CStmoGRI)aatgf300026685
=655  \7$abusiness records.$2aat$0(CStmoGRI)aatgf300141693
=655  \7$aperiodicals.$2aat$0(CStmoGRI)aatgf300026657
=655  \7$aprinted ephemera.$2aat$0(CStmoGRI)aatgf300264821
=655  \7$aArchives$2fast$0(OCoLC)fst01423700
=655  \7$aBusiness correspondence$2fast$0(OCoLC)fst01919897
=655  \7$aCourse materials$2fast$0(OCoLC)fst01919908
=655  \7$aEphemera$2fast$0(OCoLC)fst01919921
=655  \7$aHistory$2fast$0(OCoLC)fst01411628
=655  \7$aInstructional and educational works$2fast$0(OCoLC)fst01919931
=655  \7$aPeriodicals$2fast$0(OCoLC)fst01411641
=655  \7$aRecords (Documents)$2fast$0(OCoLC)fst01919961
=655  \7$aSources$2fast$0(OCoLC)fst01423900
=655  \7$aBusiness correspondence.$2lcgft
=655  \7$aRecords (Documents)$2lcgft
=655  \7$aPeriodicals.$2lcgft
=655  \7$aEphemera.$2lcgft
=655  \7$aCourse materials.$2lcgft
=655  \7$aInstructional and educational works.$2lcgft
=655  \7$aNewsletters.$2lcgft
=655  \7$aLettres d'informations.$2rvmgf$0(CaQQLa)RVMGF-000001104
=655  \7$aCorrespondance commerciale.$2rvmgf$0(CaQQLa)RVMGF-000001162
=655  \7$aDocuments administratifs.$2rvmgf$0(CaQQLa)RVMGF-000001054
=655  \7$aPériodiques.$2rvmgf$0(CaQQLa)RVMGF-000001105
=655  \7$aDocuments éphémères.$2rvmgf$0(CaQQLa)RVMGF-000001046
=655  \7$aMatériel de cours.$2rvmgf$0(CaQQLa)RVMGF-000001187
=655  \7$aMatériel d'éducation et de formation.$2rvmgf$0(CaQQLa)RVMGF-000001042
=856  42$uhttp://archiveswest.orbiscascade.org/ark:/80444/xv590361$zConnect to the online finding aid for this collection
=049  \\$aWAUW

