=LDR  06627cpcaa2200865 i 4500
=001  374533319
=008  090608i19062006wau\\\\\\\\\\\\\\\\\eng\d
=005  20220612045614.6
=040  \\$aWAU$beng$erda$edacs$cWAU$dWAU$dOCLCQ$dWAU$dOCLCO$dWAU$dOCLCO$dOCLCF$dOCLCO
=046  \\$o1906$p2006$2edtf
=100  1\$aCorr, Cecilia,$d1914-2006,$ecreator.
=245  10$aWilliam and Cecilia Corr papers.
=264  \0$c1906-2006  bulk 1930-1989
=300  \\$a5.95$fcubic ft.$a(8 boxes, 1 vertical file and 1 oversize folder)
=336  \\$atext$btxt$2rdacontent
=337  \\$aunmediated$bn$2rdamedia
=338  \\$asheet$bnb$2rdacarrier
=351  \\$aOrganized into 4 accessions: Accession No. 5501-001, William and Cecilia Corr papers, 1920-1995; Accession No. 5501-002, William and Cecilia Corr papers, 1906-2006; Accession No. 5501-003, William and Cecilia Corr papers, 1970-1975; Accession No. 5501-004, William and Cecilia Corr papers, 1970-2002.
=545  0\$aWilliam John (Bill) Corr (1906-1984) and his wife, Cecilia Genevieve Brodine Corr (1914-2006), were activists in Seattle interested in socialism, labor, civil rights, and the environment. Cecilia Corr was also an artist.  Bill was born in New York City to Irish immigrant parents. Leaving school after the 8th grade, he eventually became a union organizer and a member of the Communist party. He met Cecilia, daughter of Swedish immigrants living in Seattle, when she visited her brother Franz, who was Bill's roommate. After marrying in 1936, Bill and Cecilia moved to Seattle to raise their family of four sons.  Bill worked as a circulation manger for the Washington New Dealer for a short time, resigning in 1939. During World War II he worked as a welder and was an active unionizer until his communist associations were revealed in the 1950s. From that time on, he worked as small business contractor and engaged in environmental activism, notably serving as Acting Chairman in the Save Cypress Island Committee in the 1960s and 1970s. Cecilia contributed to this effort, producing a block print for Heritage & Legacy: The Story of the Cypress Island Co-operative.  Cecilia's participation in peace efforts and civil rights also included involvement with the Women's International League for Peace and Freedom (WILPF), Citizens' Train, Washington State Council of American-Soviet Friendship, and the Washington Committee to Protect the Foreign Born. During the late 1950s , Cecilia wrote to US congresspeople on a wide range of issues. Cecilia contributed to her activism through her artistic skills, illustrating newsletters for the Washington State Council of American-Soviet Friendship, for which she served as co-editor in the late 1980s, and creating other political sketches. She also worked for the University of Washington as an illustrator during 1959 and 1960.
=520  2\$aThe collection documents William (Bill) and Cecilia Corr's social and environmental activism as well as their creative output, including newsletters, subject files, letters to congresspeople, and miscellaneous pamphlets and ephemera related to the Save Cypress Island Committee, the Washington Council for American-Soviet Friendship, the Washington Committee for the Protection of the Foreign Born, the Washington Pension Union, and other contemporary political issues such as Marxism, civil rights, the environment, and nuclear war. Original manuscripts, drawings, and photographs are also included.
=500  \\$aForms pat of the Labor Archives of Washington.
=506  \\$aOpen to all users.
=540  \\$aCreator's literary rights transferred to the University of Washington Libraries.
=541  \\$aAccession no. 5501-001: Donated by William Corr, Jr., May and July 2007.
=541  \\$aAccession no. 5501-002: John Corr, August-September 2008.
=541  \\$aAccession no. 5501-003: Rick Rice, March 2009.
=541  \\$aAccession no. 5501-004: Donated by John Corr, September 8, 2017.
=500  \\$aMinimally processed.
=650  \0$aCommunism.
=650  \0$aCivil rights.
=650  \0$aLabor$zWashington (State)$xHistory$vSources.
=600  10$aCorr, Cecilia,$d1914-2006$vArchives.
=600  10$aCorr, William,$d1906-1984$vArchives.
=650  \6$aTravail$0(CaQQLa)201-0093408$zWashington (État)$0(CaQQLa)201-0395184$xHistoire$0(CaQQLa)201-0382350$vSources.$0(CaQQLa)201-0382350
=650  \7$aCivil rights.$2fast$0(OCoLC)fst00862627
=650  \7$aCommunism.$2fast$0(OCoLC)fst00870421
=650  \7$aLabor.$2fast$0(OCoLC)fst00989798
=651  \7$aWashington (State)$2fast$0(OCoLC)fst01204703
=655  \7$apamphlets.$2aat$0(CStmoGRI)aatgf300220572
=655  \7$anewspaper clippings.$2aat$0(CStmoGRI)aatgf300429554
=655  \7$anews bulletins.$2aat$0(CStmoGRI)aatgf300026435
=655  \7$anewsletters.$2aat$0(CStmoGRI)aatgf300026652
=655  \7$apersonal correspondence.$2aat$0(CStmoGRI)aatgf300048730
=655  \7$aletters (correspondence)$2aat$0(CStmoGRI)aatgf300026879
=655  \7$aprinted ephemera.$2aat$0(CStmoGRI)aatgf300264821
=655  \7$aworks of art.$2aat$0(CStmoGRI)aatgf300133025
=655  \7$aphotographs.$2aat$0(CStmoGRI)aatgf300046300
=655  \7$anotebooks.$2aat$0(CStmoGRI)aatgf300264354
=655  \7$aArchives.$2fast$0(OCoLC)fst01423700
=655  \7$aArt.$2fast$0(OCoLC)fst01423702
=655  \7$aEphemera.$2fast$0(OCoLC)fst01919921
=655  \7$aHistory.$2fast$0(OCoLC)fst01411628
=655  \7$aNewsletters.$2fast$0(OCoLC)fst01919943
=655  \7$aNotebooks.$2fast$0(OCoLC)fst01919944
=655  \7$aPersonal correspondence.$2fast$0(OCoLC)fst01919948
=655  \7$aPhotographs.$2fast$0(OCoLC)fst01423689
=655  \7$aSources.$2fast$0(OCoLC)fst01423900
=655  \7$aNewsletters.$2lcgft
=655  \7$aPersonal correspondence.$2lcgft
=655  \7$aEphemera.$2lcgft
=655  \7$aArt.$2lcgft
=655  \7$aPhotographs.$2lcgft
=655  \7$aNotebooks.$2lcgft
=655  \7$aLettres d'informations.$2rvmgf$0(CaQQLa)RVMGF-000001104
=655  \7$aCorrespondance privée.$2rvmgf$0(CaQQLa)RVMGF-000001056
=655  \7$aDocuments éphémères.$2rvmgf$0(CaQQLa)RVMGF-000001046
=655  \7$aŒuvres d'art.$2rvmgf$0(CaQQLa)RVMGF-000000283
=655  \7$aPhotographies.$2rvmgf$0(CaQQLa)RVMGF-000001676
=655  \7$aCahiers.$2rvmgf$0(CaQQLa)RVMGF-000001221
=700  1\$aCorr, William,$d1906-1984,$ecreator
=710  2\$aVenceremos Brigade.
=710  2\$aWashington Pension Union.
=710  2\$aLabor Archives of Washington,$ecurator.
=856  42$uhttp://archiveswest.orbiscascade.org/ark:/80444/xv28872/$zConnect to the online finding aid for this collection
=049  \\$aWAUW

