=LDR  08182cpcaa22011291a 4500
=001  28411744
=008  880809i19361957xx\\\\\\\\\\\\\\\\\\eng\d
=005  20230628191926.5
=010  \\$a   88797902 
=040  \\$aWAU$beng$edacs$cWAU$dDLC$dOCLCQ$dWAU$dOCLCQ$dOCLCA$dOCLCF$dOCLCO$dWAU
=043  \\$an-us-wa
=100  1\$aDaschbach, John S.
=245  00$aJohn S. Daschbach papers,$f1936-1957.
=300  \\$a3.78 cubic feet (9 boxes)
=351  \\$aArranged in 4 series: 1. Civil Rights Congress (Washington State) records, 1948-1956; 2. Seattle Labor School records, 1936-1949; 3. Personal papers, circa 1940-1941, 1956-1957; 4. Marjorie Daschbach correspondence, circa 1951-1955.
=545  0\$aJohn S. Daschbach was a salesman, teacher, and civil rights worker from Seattle, Washington. He chaired the Washington Civil Rights Congress, the local branch of a national organization which was organized in 1946 for the "defense of the constitutional rights and civil liberties of the American people, including Communists and Negroes." The Civil Rights Congress took an interest in cases which involved Communists or Black Americans whom the National Congress supported with legal assistance, fund raising, and publicity. Accused of being a Communist front organization, the Civil Rights Congress was investigated by the Subversive Activities Control Board and a grand jury. Daschbach was one of seven defendants who were arrested in 1952 as accused Communists and tried in 1953 under the Smith Act in U.S. vs. Huff et. al. In 1956 the organization and its branches dissolved. Daschbach was also a board member, extension director, and teacher at the Seattle Labor School (also known as the Pacific Northwest Labor School). His wife, Marjorie Daschbach, was also a board member.
=520  2\$aThe papers document Daschbach's activities as chair of the Washington State Civil Rights Congress and as extension director and teacher at the Seattle Labor School. In addition to organizational records, the Civil Rights Congress (Washington State) series includes files concerning a number of civil rights cases in which the Civil Rights Congress took an interest, for example, the Foley Square Trial and the Seattle Smith Act case. Most cases involved Communists or African Americans whom the National Congress supported with legal assistance, fund raising, and publicity. The series also includes information about the Washington State House of Representatives' Committee on Un-American Activities, commonly known as the Canwell Committee. The Seattle Labor School series includes minutes, correspondence, teaching materials, newsletters, and ephemera from the school. The Personal Papers series includes collected documentation on the Boeing Strike in 1941.
=506  \\$aThe papers are open to all users.
=540  \\$aThe creator's literary rights have been transferred to the University of Washington Libraries.
=541  \\$aGift of John Daschbach, December 1979 and March 1980.
=555  0\$aA finding aid to the records is available in the Special Collections division of the University of Washington Libraries and on the World Wide Web.
=524  \\$aJohn S. Daschbach papers. Special Collections, University of Washington Libraries, Seattle, Washington.
=600  10$aDaschbach, John S.$vArchives.
=600  10$aDaschbach, Marjorie.
=610  20$aSeattle Labor School (Seattle, Wash.)
=610  20$aWashington Civil Rights Congress.
=610  20$aBoeing Aircraft Company.
=600  10$aVelde, Harold Himmel,$d1910-1985.
=600  10$aPatterson, William L.$q(William Lorenzo),$d1890-1980.
=610  10$aUnited States.$bCongress.$bHouse.$bCommittee on Un-American Activities.
=600  10$aCaughlan, John,$d1909-1999.
=650  \0$aCivil rights workers$zWashington (State)$zSeattle$vArchives.
=650  \0$aTeachers$zWashington (State)$zSeattle$vArchives.
=650  \0$aCivil rights$zWashington (State)
=650  \0$aCommunist trials$zWashington (State)
=650  \0$aAircraft industry$zWashington (State)
=650  \0$aStrikes and lockouts$xAircraft industry$zWashington (State)$zPuget Sound Region.
=650  \0$aCivil rights$zWashington (State)$xSocieties, etc.
=650  \0$aTrials (Political crimes and offenses)$zWashington (State)
=651  \0$aSeattle (Wash.)$xPolitics and government$y20th century.
=651  \0$aWashington (State)$xPolitics and government$y20th century.
=650  \6$aDéfenseurs des droits de l'homme$0(CaQQLa)201-0071411$zWashington (État)$0(CaQQLa)201-0394837$zSeattle$0(CaQQLa)201-0394837$vArchives.$0(CaQQLa)201-0378256
=650  \6$aEnseignants$0(CaQQLa)201-0005381$zWashington (État)$0(CaQQLa)201-0394837$zSeattle$0(CaQQLa)201-0394837$vArchives.$0(CaQQLa)201-0378256
=650  \6$aProcès communistes$0(CaQQLa)201-0030138$zWashington (État)$0(CaQQLa)201-0395184
=650  \6$aIndustrie aéronautique$0(CaQQLa)201-0066927$zWashington (État)$0(CaQQLa)201-0395184
=650  \6$aProcès (Crimes et délits politiques)$0(CaQQLa)201-0030107$zWashington (État)$0(CaQQLa)201-0395184
=651  \6$aWashington (État)$0(CaQQLa)201-0106090$xPolitique et gouvernement$0(CaQQLa)201-0106090$y20e siècle.$0(CaQQLa)201-0373677
=600  17$aCaughlan, John,$d1909-1999.$2fast$0(OCoLC)fst00205644
=600  17$aDaschbach, John S.$2fast$0(OCoLC)fst00231521
=600  17$aPatterson, William L.$q(William Lorenzo),$d1890-1980.$2fast$0(OCoLC)fst00265078
=600  17$aVelde, Harold Himmel,$d1910-1985.$2fast$0(OCoLC)fst00231522
=610  27$aBoeing Aircraft Company.$2fast$0(OCoLC)fst00516498
=610  27$aSeattle Labor School (Seattle, Wash.)$2fast$0(OCoLC)fst00637627
=610  17$aUnited States.$bCongress.$bHouse.$bCommittee on Un-American Activities.$2fast$0(OCoLC)fst00544557
=610  27$aWashington Civil Rights Congress.$2fast$0(OCoLC)fst00637626
=650  \7$aAircraft industry.$2fast$0(OCoLC)fst00802848
=650  \7$aCivil rights.$2fast$0(OCoLC)fst00862627
=650  \7$aCivil rights$xSocieties, etc.$2fast$0(OCoLC)fst00862680
=650  \7$aCivil rights workers.$2fast$0(OCoLC)fst00862721
=650  \7$aCommunist trials.$2fast$0(OCoLC)fst00870610
=650  \7$aPolitics and government.$2fast$0(OCoLC)fst01919741
=650  \7$aStrikes and lockouts$xAircraft industry.$2fast$0(OCoLC)fst01135039
=650  \7$aTeachers.$2fast$0(OCoLC)fst01144248
=650  \7$aTrials (Political crimes and offenses)$2fast$0(OCoLC)fst01156388
=651  \7$aWashington (State)$2fast$0(OCoLC)fst01204703
=651  \7$aWashington (State)$zPuget Sound Region.$2fast$0(OCoLC)fst01351353
=651  \7$aWashington (State)$zSeattle.$2fast$0(OCoLC)fst01204940
=648  \7$a1900-1999$2fast
=655  \0$aClippings (Books, newspapers, etc.)
=655  \0$aPamphlets.
=655  \0$aSpeeches, addresses, etc.
=655  \2$aPhotograph$0(DNLM)D059036
=655  \7$aConferences.$2aat
=655  \7$acorrespondence.$2aat$0(CStmoGRI)aatgf300026877
=655  \7$acriminal court records.$2aat$0(CStmoGRI)aatgf300027883
=655  \7$acurricula.$2aat$0(CStmoGRI)aatgf300028009
=655  \7$afinancial records.$2aat$0(CStmoGRI)aatgf300027473
=655  \7$aMinutes.$2aat
=655  \7$areports.$2aat$0(CStmoGRI)aatgf300027267
=655  \7$aWritings.$2aat
=655  \7$apress releases.$2aat$0(CStmoGRI)aatgf300026437
=655  \7$aphotographs.$2aat$0(CStmoGRI)aatgf300046300
=655  \7$aArchives.$2fast$0(OCoLC)fst01423700
=655  \7$aNewsletters.$2fast$0(OCoLC)fst01919943
=655  \7$aPamphlets.$2fast$0(OCoLC)fst01423837
=655  \7$aPhotographs.$2fast$0(OCoLC)fst01423689
=655  \7$aPress releases.$2fast$0(OCoLC)fst01726708
=655  \7$aNewsletters.$2lcgft
=655  \7$aPress releases.$2lcgft
=655  \7$aPhotographs.$2lcgft
=655  \7$aMemorandums.$2lcgft
=655  \7$aPetitions.$2lcgft
=655  \7$aLettres d'informations.$2rvmgf$0(CaQQLa)RVMGF-000001104
=655  \7$aCommuniqués de presse.$2rvmgf$0(CaQQLa)RVMGF-000001182
=655  \7$aPhotographies.$2rvmgf$0(CaQQLa)RVMGF-000001676
=856  42$uhttps://archiveswest.orbiscascade.org/ark:80444/xv92006$zConnect to the online finding aid for this collection
=049  \\$aWAUW

