=LDR  01200cpcaa22002057a 4500
=001  761333048
=008  111117i19521992xx\\\\\\\\\\\\\\\\\\eng\d
=005  20220105182531.5
=040  \\$aWAU$beng$cWAU$dWAU$dOCLCQ
=100  1\$aDomingo, Silme.
=245  10$aSilme Domingo papers$f1952-1992$g(bulk dates 1975-1981).
=300  \\$a1 cubic ft. (1 box)
=520  2\$aMaterials related to Silme Domingo's work related to LELO, Cannery Workers, the New England Fish Company, The King Dome in the International Discrict, the Filipino Community of Seattle, Inc. and Pilipino People's Far West Convention.
=506  \\$aOpen to all users.
=540  \\$aCreator's literary rights transferred to the University of Washington Libraries.
=500  \\$aProcessing levels vary. Contact the repository for details.
=555  0\$aA finding aid to the papers is available in the Special Collections Division of the University of Washington Libraries and on the World Wide Web.
=555  0\$aFinding aid available in the repository and on the World Wide Web.
=856  42$uhttp://www.lib.washington.edu/specialcoll/findaids/docs/papersrecords/DomingoSilme5652.xml$zConnect to the online finding aid for this collection.
=049  \\$aWAUW

