=LDR  00973cpcaa22001937a 4500
=001  123953450
=008  070503i19191921xx\\\\\\\\\\\\\\\\\\eng\d
=005  20230628194417.2
=040  \\$aWAU$beng$cWAU$dWAU$dOCLCQ$dWAU$dOCLCO$dWAU
=100  1\$aElkins, Morris,$d1907-
=245  10$aMorris Elkins papers,$f1919-1921.
=300  \\$ano size given
=520  2\$aSeattle Newsboys' Union membership book containing dues stamps. Postcard is a reminiscence by Morris Elkins about his boyhood paper route.
=506  \\$aAccess may be restricted. Contact Special Collections for details.
=540  \\$aSome restrictions exist on duplication, quotation, or publication. Contact the repository for details.
=500  \\$aProcessing levels vary. Contact the repository for details.
=555  0\$aFinding aid available in the repository and on the World Wide Web.
=856  42$uhttps://archiveswest.orbiscascade.org/ark:80444/xv91513$zConnect to the online finding aid for this collection.
=049  \\$aWAUW

