=LDR  09193cpc a22012971i 4500
=001  28410064
=008  881129i19301986wau\\\\\\\\\\\\\\\\\eng\d
=005  20220513180039.3
=010  \\$a   88798872 
=040  \\$aWAU$beng$edacs$erda$cWAU$dDLC$dOCL$dOCLCQ$dOCLCG$dNUCMC$dWAU$dOCLCA$dWAU$dOCLCO$dOCLCA$dOCLCF$dOCLCA$dWAU$dOCL$dWAU$dOCL$dWAU$dOCLCO$dWAU$dOCLCO$dOCLCA$dOCLCO
=043  \\$an-us---$an-us-ca$an-us-or$an-us-wa$an-usp--$an-cn-bc
=046  \\$o1930$p1986$2edtf
=100  1\$aEyer, John H.,$d-1986,$ecreator.
=245  00$aJohn H. Eyer papers,
=264  \0$c1930-1986
=300  \\$a18.45 cubic feet$a(17 boxes) + 1 oversize folder
=336  \\$atext$btxt$2rdacontent
=336  \\$astill image$bsti$2rdacontent
=337  \\$aunmediated$bn$2rdamedia
=338  \\$asheet$bnb$2rdacarrier
=351  \\$aOrganized into 2 accessions: Accession No. 3932-001, John H. Eyer papers, 1930-1986. Accession No. 3932-002, John H. Eyer papers, 1967-1969.
=386  \\$aAmericans$aWashingtonians (Washington State)$2lcdgt
=386  \\$aMen$2lcdgt
=545  \\$aJohn Eyer was an organizer, international representative and training specialist based in Portland, Oregon, for the International Brotherhood of Pulp, Sulphite & Paper Mill workers, circa 1951-1964. As a training representative, beginning in 1956, he became a confidant of Research and Education head, George W. Brooks, who figured in the internal campaign for reform, and whose forced resignation precipitated the formation of the Rank and File Movement for Democratic Action (RFMDA). Eyer seems to have inherited Burt D. Wells' files on this heavily West Coast revolt. Following the establishment of the new union, the Association of Western Pulp and Papermakers in 1964, Eyer became an international representative, and chaired its Job Analysis Program. John Eyer died in 1986.
=520  2\$aCorrespondence, negotiation files, agreements, subject files, newsletters, court papers, and other material, relating to Eyer's activities as international representative of International Brotherhood of Pulp, Sulphite, and Paper Mill Workers, based in Portland, Or., organizer at mills in the Pacific Northwest during the 1950s, and his later work in the union's Research and Education Dept., where he was in charge on the West Coast. Papers also document the reform movement in the union, including the controversy over the forced resignation of George W. Brooks, head of Research and Education Dept., 1961, resulting in formation of Rank and File Movement for Democratic Action within the union, revolt of West Coast locals and formation of West Coast Pulp and Paper Workers, 1964, in which Eyer served as general vice-president from 1965-1968. Includes files of Burt D. Wells, secretary/treasurer of Rank and File Movement for Democratic Action, and other leaders. Major correspondent is John P. Burke.
=541  \\$cDonated by:$aRosa Eyer,$dSeptember 14, 1987.
=541  \\$cDonated by:$aRoss Rieder,$dNovember 13,  2011.
=544  1\$nSeparated materials in the following collections of this repository:$dRosa M. Eyer papers (Collection No. 6178)$dBurt D. Wells papers (Collection No. 6176)
=544  1\$nRelated materials available in the following collections of this repository:$dAssociation of Western Pulp and Paper Workers records (Collection No. 2052)
=500  \\$3Files of Wells and others$apreviously microfilmed by State Historical Society of Wisconsin.
=600  10$aEyer, John H.,$d-1986$vArchives.
=650  \0$aLabor union members$zWashington (State)$vArchives.
=650  \0$aLabor leaders$zWashington (State)$vArchives.
=650  \0$aWood-pulp industry workers$xLabor unions$xHistory$vSources.
=650  \0$aLabor disputes$zPacific States$xHistory$vSources.
=650  \0$aPaper industry workers$xLabor unions$zNorthwest, Pacific$xHistory$vSources.
=650  \0$aLabor unions$xOrganizing$xHistory$vSources.
=650  \0$aPulpwood industry$zUnited States$xHistory$vSources.
=600  10$aBrooks, George W.$q(George William)
=600  10$aBurke, John P.$vCorrespondence.
=610  20$aAssociation of Western Pulp and Paper Workers.
=610  20$aInternational Brotherhood of Pulp, Sulphite, and Paper Mill Workers$xHistory$vSources.
=610  20$aInternational Brotherhood of Pulp, Sulphite, and Paper Mill Workers.$bDepartment of Research and Education$xHistory$vSources.
=650  \6$aSyndiqués$0(CaQQLa)201-0268551$zWashington (État)$0(CaQQLa)201-0395184$vArchives.$0(CaQQLa)201-0378256
=650  \6$aDirigeants syndicaux$0(CaQQLa)201-0202520$zWashington (État)$0(CaQQLa)201-0395184$vArchives.$0(CaQQLa)201-0378256
=650  \6$aTravail$0(CaQQLa)201-0054467$xConflits$0(CaQQLa)201-0054467$zÉtats du Pacifique (États-Unis)$0(CaQQLa)201-0407719$xHistoire$0(CaQQLa)201-0382350$vSources.$0(CaQQLa)201-0382350
=650  \6$aSyndicalisation$0(CaQQLa)201-0121736$xHistoire$0(CaQQLa)201-0382350$vSources.$0(CaQQLa)201-0382350
=650  \6$aBois à pâte$0(CaQQLa)201-0016146$xIndustrie$0(CaQQLa)201-0016146$zÉtats-Unis$0(CaQQLa)201-0407727$xHistoire$0(CaQQLa)201-0382350$vSources.$0(CaQQLa)201-0382350
=600  17$aBrooks, George W.$q(George William)$2fast$0(OCoLC)fst00240847
=600  17$aBurke, John P.$2fast$0(OCoLC)fst00057950
=610  27$aAssociation of Western Pulp and Paper Workers.$2fast$0(OCoLC)fst00627560
=610  27$aInternational Brotherhood of Pulp, Sulphite, and Paper Mill Workers.$2fast$0(OCoLC)fst00583107
=610  27$aInternational Brotherhood of Pulp, Sulphite, and Paper Mill Workers.$bDepartment of Research and Education.$2fast$0(OCoLC)fst01826146
=650  \7$aLabor disputes.$2fast$0(OCoLC)fst00989929
=650  \7$aLabor leaders.$2fast$0(OCoLC)fst00990029
=650  \7$aLabor union members.$2fast$0(OCoLC)fst00990256
=650  \7$aLabor unions$xOrganizing.$2fast$0(OCoLC)fst00990296
=650  \7$aPaper industry workers$xLabor unions.$2fast$0(OCoLC)fst01052502
=650  \7$aPulpwood industry.$2fast$0(OCoLC)fst01083890
=650  \7$aWood-pulp industry workers$xLabor unions.$2fast$0(OCoLC)fst01179661
=651  \7$aPacific Northwest.$2fast$0(OCoLC)fst01242543
=651  \7$aUnited States.$2fast$0(OCoLC)fst01204155
=651  \7$aUnited States$zPacific States.$2fast$0(OCoLC)fst01243532
=651  \7$aWashington (State)$2fast$0(OCoLC)fst01204703
=655  \2$aLetter$0(DNLM)D016422
=655  \2$aPhotograph$0(DNLM)D059036
=655  \2$aEphemera$0(DNLM)D019502
=655  \7$afiles (document groupings)$2aat$0(CStmoGRI)aatgf300026942
=655  \7$afinancial records.$2aat$0(CStmoGRI)aatgf300027473
=655  \7$anewspaper clippings.$2aat$0(CStmoGRI)aatgf300429554
=655  \7$acommercial correspondence.$2aat$0(CStmoGRI)aatgf300026914
=655  \7$aphotographs.$2aat$0(CStmoGRI)aatgf300046300
=655  \7$aprinted ephemera.$2aat$0(CStmoGRI)aatgf300264821
=655  \7$acollective labor agreements.$2aat$0(CStmoGRI)aatgf300027630
=655  \7$acontracts.$2aat$0(CStmoGRI)aatgf300027649
=655  \7$aArchives.$2fast$0(OCoLC)fst01423700
=655  \7$aBusiness correspondence.$2fast$0(OCoLC)fst01919897
=655  \7$aCollective labor agreements.$2fast$0(OCoLC)fst01774247
=655  \7$aContracts.$2fast$0(OCoLC)fst01774255
=655  \7$aEphemera.$2fast$0(OCoLC)fst01919921
=655  \7$aHistory.$2fast$0(OCoLC)fst01411628
=655  \7$aMinutes (Records)$2fast$0(OCoLC)fst01919940
=655  \7$aNewsletters.$2fast$0(OCoLC)fst01919943
=655  \7$aPersonal correspondence.$2fast$0(OCoLC)fst01919948
=655  \7$aPhotographs.$2fast$0(OCoLC)fst01423689
=655  \7$aRecords (Documents)$2fast$0(OCoLC)fst01919961
=655  \7$aSources.$2fast$0(OCoLC)fst01423900
=655  \7$aBusiness correspondence.$2lcgft
=655  \7$aPersonal correspondence.$2lcgft
=655  \7$aRecords (Documents)$2lcgft
=655  \7$aMinutes (Records)$2lcgft
=655  \7$aPhotographs.$2lcgft
=655  \7$aNewsletters.$2lcgft
=655  \7$aEphemera.$2lcgft
=655  \7$aCollective labor agreements.$2lcgft
=655  \7$aContracts.$2lcgft
=655  \7$aCorrespondance commerciale.$2rvmgf$0(CaQQLa)RVMGF-000001162
=655  \7$aCorrespondance privée.$2rvmgf$0(CaQQLa)RVMGF-000001056
=655  \7$aDocuments administratifs.$2rvmgf$0(CaQQLa)RVMGF-000001054
=655  \7$aProcès-verbaux.$2rvmgf$0(CaQQLa)RVMGF-000001222
=655  \7$aPhotographies.$2rvmgf$0(CaQQLa)RVMGF-000001676
=655  \7$aLettres d'informations.$2rvmgf$0(CaQQLa)RVMGF-000001104
=655  \7$aDocuments éphémères.$2rvmgf$0(CaQQLa)RVMGF-000001046
=655  \7$aConventions collectives.$2rvmgf$0(CaQQLa)RVMGF-000001475
=655  \7$aContrats.$2rvmgf$0(CaQQLa)RVMGF-000001473
=710  2\$aLabor Archives of Washington,$ecurator.
=856  42$uhttp://archiveswest.orbiscascade.org/ark:/80444/xv03054/$zConnect to the finding aid for this collection
=856  42$uhttp://archiveswest.orbiscascade.org/ark:/80444/xv371764#$zConnect to related finding aid
=856  42$uhttp://archiveswest.orbiscascade.org/ark:/80444/xv43463/$zConnect to related finding aid
=856  42$uhttp://archiveswest.orbiscascade.org/ark:/80444/xv17974/$zConnect to related finding aid
=049  \\$aWAUW

