=LDR  06371cpc a22008657i 4500
=001  1088727878
=008  190228i19401972wau\\\\\\\\\\\\\\\\\eng\d
=005  20220420050216.6
=040  \\$aWAU$beng$edacs$erda$cWAU$dWAU$dOCLCF$dWAU$dOCLCO$dWAU$dOCLCO$dWAU$dOCLCO$dOCLCQ$dOCLCO
=041  0\$heng
=043  \\$an-us-wa
=046  \\$o1940$p1972$2edtf
=100  1\$aEyer, Rosa M.,$d1910-1991,$ecreator.
=245  10$aRosa M. Eyer papers.
=264  \0$c1940-1972
=300  \\$a0.42$fcubic feet$a(1 box)
=336  \\$atext$btxt$2rdacontent
=336  \\$astill image$bsti$2rdacontent
=337  \\$aunmediated$bn$2rdamedia
=338  \\$asheet$bnb$2rdacarrier
=351  \\$aCollection is arranged into the following series: Series 1: Association of Western Pulp and Paper Workers records; Series 2: Personal papers.
=386  \\$aAmericans$aWashingtonians (Washington State)$2lcdgt
=386  \\$aWomen$2lcdgt
=500  \\$aForms a part of the Labor Archives of Washington.
=545  0\$aRosa Millo Eyer (1910-1991) was Recording Secretary of the Association of Western Pulp and Paper Workers (AWPPW) Local 644 in Everett, Washington in 1965 and AWPPW Secretary-Treasurer of the Northern Washington and Alaska Area Council during the 1960s and 1970s. She gave birth to three daughters: Gerry, Josephine, and Caroline with first husband Richard J. Millo. She later married Pacific Northwest paper worker representative John H. Eyer around the mid to late 1960s. Rosa retired from the union in 1972. She passed away in Everett, Washington at the age of 81 on November 10, 1991.
=520  2\$aThe papers of Rosa Millo Eyer consists of a small series of Association of Western Pulp and Paper Workers (AWPPW) records and another of personal papers. The first series is primarily AWPPW Northern Washington-Alaska Area Council records of which Rosa was Secretary-Treasurer, including correspondence, news clippings, notes, and Executive Board reports from Area Representative John R. Swanson as well as a file of correspondence related to Rosa's employment with the union. The series of personal papers consists primarily of letters to and from Rosa and her daughters, Gerry, Josephine, and Caroline; divorce and death records and ephemera from her first marriage with Richard J. Millo; several photographs of family members; and other correspondence to and from Rosa. Due to the collection's distinctiveness as a body of records created or acquired during the course of Rosa M. Eyer's work and personal life and the importance of bringing out women's contributions to the labor movement whenever possible, this collection was separated from the John H. Eyer papers during processing in January 2017.
=506  1\$aNo restrictions on access.
=540  \\$aCreator's copyrights transferred to the University of Washington Libraries Special Collections.
=541  \\$cDonated by$aRosa Millo Eyer
=544  1\$nSeparated materials in the following collections of this repository:$dJohn H. Eyer papers (Manuscript Accession 3932-001)
=544  1\$nRelated materials available in the following collections of this repository:$dAssociation of Western Pulp and Paper Workers records (Collection No. 2052)
=500  \\$aFull processing supported by the Labor Archives Fund and the Labor Archives of Washington State Budget
=524  \\$aLabor Archives of Washington, University of Washington Libraries, Special Collections, Rosa M. Eyer papers, 6178-001, box number, folder number.
=600  10$aEyer, Rosa M.,$d1910-1991$vArchives.
=650  \0$aWomen labor union members$zWashington (State)$vArchives.
=610  20$aAssociation of Western Pulp and Paper Workers$xHistory$vSources.
=650  \0$aLabor unions$zWashington (State)$xHistory$vSources.
=650  \0$aLabor$zWashington (State)$xHistory$vSources.
=650  \0$aLabor movement$zWashington (State)$xHistory$vSources.
=650  \6$aSyndicats$0(CaQQLa)201-0007001$zWashington (État)$0(CaQQLa)201-0395184$xHistoire$0(CaQQLa)201-0382350$vSources.$0(CaQQLa)201-0382350
=650  \6$aTravail$0(CaQQLa)201-0093408$zWashington (État)$0(CaQQLa)201-0395184$xHistoire$0(CaQQLa)201-0382350$vSources.$0(CaQQLa)201-0382350
=650  \6$aMouvement ouvrier$0(CaQQLa)201-0078721$zWashington (État)$0(CaQQLa)201-0395184$xHistoire$0(CaQQLa)201-0382350$vSources.$0(CaQQLa)201-0382350
=610  27$aAssociation of Western Pulp and Paper Workers.$2fast$0(OCoLC)fst00627560
=650  \7$aLabor.$2fast$0(OCoLC)fst00989798
=650  \7$aLabor movement.$2fast$0(OCoLC)fst00990079
=650  \7$aLabor unions.$2fast$0(OCoLC)fst00990260
=650  \7$aWomen labor union members.$2fast$0(OCoLC)fst01178089
=651  \7$aWashington (State)$2fast$0(OCoLC)fst01204703
=655  \2$aLetter$0(DNLM)D016422
=655  \2$aPhotograph$0(DNLM)D059036
=655  \7$acommercial correspondence.$2aat$0(CStmoGRI)aatgf300026914
=655  \7$aphotographs.$2aat$0(CStmoGRI)aatgf300046300
=655  \7$aArchives.$2fast$0(OCoLC)fst01423700
=655  \7$aBusiness correspondence.$2fast$0(OCoLC)fst01919897
=655  \7$aHistory.$2fast$0(OCoLC)fst01411628
=655  \7$aMinutes (Records)$2fast$0(OCoLC)fst01919940
=655  \7$aPersonal correspondence.$2fast$0(OCoLC)fst01919948
=655  \7$aPhotographs.$2fast$0(OCoLC)fst01423689
=655  \7$aRecords (Documents)$2fast$0(OCoLC)fst01919961
=655  \7$aSources.$2fast$0(OCoLC)fst01423900
=655  \7$aRecords (Documents)$2lcgft
=655  \7$aBusiness correspondence.$2lcgft
=655  \7$aPersonal correspondence.$2lcgft
=655  \7$aMinutes (Records)$2lcgft
=655  \7$aPhotographs.$2lcgft
=655  \7$aDocuments administratifs.$2rvmgf$0(CaQQLa)RVMGF-000001054
=655  \7$aCorrespondance commerciale.$2rvmgf$0(CaQQLa)RVMGF-000001162
=655  \7$aCorrespondance privée.$2rvmgf$0(CaQQLa)RVMGF-000001056
=655  \7$aProcès-verbaux.$2rvmgf$0(CaQQLa)RVMGF-000001222
=655  \7$aPhotographies.$2rvmgf$0(CaQQLa)RVMGF-000001676
=710  2\$aLabor Archives of Washington,$ecurator.
=856  42$uhttp://archiveswest.orbiscascade.org/ark:/80444/xv371764$zConnect to the online finding aid for this collection.
=856  42$uhttp://archiveswest.orbiscascade.org/ark:/80444/xv03054$zConnect to related finding aid
=856  42$uhttp://archiveswest.orbiscascade.org/ark:/80444/xv17974/$zConnect to related finding aid
=049  \\$aWAUW

