=LDR  04385cpcaa22004457a 4500
=001  28376093
=008  880713i19441967xx\\\\\\\\\\\\\\\\\\eng\d
=005  20220727003317.9
=010  \\$a   88797356 $bms 87001252 
=040  \\$aWaU$beng$edacs$cDLC$dWAU$dOCLCQ$dOCLCG$dNUCMC$dWAU$dOCLCA$dWAU$dOCLCA$dWAU$dOCLCA$dOCLCF$dOCLCO$dOCLCQ
=043  \\$an-us-wa
=100  1\$aFlynn, Leo F.,$d1885-
=245  10$aLeo F. Flynn papers,$f1944-1967;$g(bulk 1955-1958).
=300  \\$a1.09 cubic feet (2 boxes)
=545  0\$aLeo Francis Flynn (1885-1970) was born in Waseca County, Minnesota. He was President of the Washington State Council of United Brotherhood of Carpenters and Joiners of America and an organizer for the American Federation of Labor from 1938-1956. He was married to Myra L. Flynn.
=520  2\$aThe collection spans the years 1890-1970 (bulk 1949-1966) and contains records related to Flynn's work with the American Federation of Labor, the Washington State Council of Carpenters, and the Washington State Personnel Board as well as materials related to Flynn's personal life. The following is a detailed description of materials within each series: SERIES I: AMERICAN FEDERATION OF LABOR contains correspondence between Flynn and others regarding retirement benefits, personnel issues in the carpenters union, Flynn's official letter to AFL-CIO President George Meany requesting retirement and related letters to AFL-CIO Secretary Treasurer William F. Schnitzler, and letters between Flynn and Oregon Governor Paul Patterson regarding a lumber dispute in 1955. Also included are news clippings and Flynn's organizational membership ephemera. SERIES II: WASHINGTON STATE COUNCIL OF CARPENTERS contains correspondence; official reports and financial statements of the council; election, organizational membership, and labor convention ephemera and printed material; a news clipping on the carpenters union and racketeering; and an artifact from the United Brotherhood of Carpenters & Joiners of America. SERIES III: WASHINGTON STATE PERSONNEL BOARD contains correspondence between Flynn and Washington State Governor Arthur B. Langlie and the board's official compensation plan. SERIES IV: PERSONAL PAPERS contains correspondence between Leo and Myra Flynn and friends; assorted photographs of Flynn throughout his personal and professional life, including images of Flynn at labor conventions and at work with office staff, as well as individuals believed to be his wife Myra, other family members and friends, pets, and home exteriors; and a scrapbook likely compiled by Flynn containing assorted labor and non-labor related news clippings, including articles about Flynn's work with the Washington State Council of Carpenters, as well as printed poems, cards, and event invitations.
=506  \\$aAccess to a portion of the collection is restricted: For terms of access, contact Special Collections.
=540  \\$aCreator's literary rights not transferred to the University of Washington Libraries.
=555  0\$aFinding aid available in the repository and on the World Wide Web.
=600  10$aFlynn, Leo F.,$d1885-$vArchives.
=610  20$aAmerican Federation of Labor$vArchives.
=610  20$aUnited Brotherhood of Carpenters and Joiners of America.$bWashington State Council.
=650  \0$aCarpenters$zWashington (State)
=650  \0$aLabor unions$zWashington (State)
=650  \0$aLabor unions$xOrganizing.
=650  \6$aCharpentiers$0(CaQQLa)201-0009980$zWashington (État)$0(CaQQLa)201-0395184
=650  \6$aSyndicats$0(CaQQLa)201-0007001$zWashington (État)$0(CaQQLa)201-0395184
=650  \6$aSyndicalisation.$0(CaQQLa)201-0121736
=610  27$aAmerican Federation of Labor.$2fast$0(OCoLC)fst00535672
=610  27$aUnited Brotherhood of Carpenters and Joiners of America.$bWashington State Council.$2fast$0(OCoLC)fst00628778
=650  \7$aCarpenters.$2fast$0(OCoLC)fst00847822
=650  \7$aLabor unions.$2fast$0(OCoLC)fst00990260
=650  \7$aLabor unions$xOrganizing.$2fast$0(OCoLC)fst00990296
=651  \7$aWashington (State)$2fast$0(OCoLC)fst01204703
=655  \7$aArchives.$2fast$0(OCoLC)fst01423700
=655  \7$aPress releases.$2ftamc
=655  \7$aYearbooks.$2ftamc
=740  0\$aAcc1540-001
=856  42$uhttp://archiveswest.orbiscascade.org/ark:/80444/xv81854/$zConnect to the online finding aid for this collection.
=049  \\$aWAUW

