=LDR  08675cpcaa2200853Ii 4500
=001  938143431
=008  160210i19611997xx\\\\\\\\\\\\\\\\\\eng\d
=005  20220514131908.4
=040  \\$aWAU$beng$erda$edacs$cWAU$dWAU$dOCLCA$dWAU$dOCLCA$dOCLCF$dWAU$dOCLCO
=046  \\$k1961$l1997$2edtf
=100  1\$aFox, Michael J.$q(Michael James),$d1944-,$ecreator.
=245  10$aMichael Fox papers.
=264  \0$c1961-1997
=300  \\$a2.28$fcubic feet$a(2 boxes)
=336  \\$atext$btxt$2rdacontent
=337  \\$aunmediated$bn$2rdamedia
=338  \\$asheet$bnb$2rdacarrier
=545  0\$aJudge Michael James Fox was born in New London, Connecticut in 1944. During the 1960s, he became politically active in the Civil Rights Movement. While attending law school in Georgia, Fox was part of the Legal Aid Society--an organization that provided legal services to people from low-income backgrounds. After law school, his experience with the Legal Aid Society greatly influenced his decision to continue to help underrepresented people. Having also acquired Spanish speaking skills, Fox became interested in working with the large population of Spansih-speaking Latino/a farmworkers. In 1965, the US Congress created the Office of Economic Opportunity which funded the Legal Services Program, a private non-profit corporation providing legal services to people living in poverty. In that same year, a strike of Filipino American grape pickers in Delano, California gained the cooperation of Cesar Chavez and others, who began organizing migrant agricultural workers in California. Using the same organizing model, workers in Washington State  organized an independent branch of the United Farm Workers of Washington State in 1967. In 1969, Fox moved to Washington through the Reginald Heber Smith Fellowship, a program that places lawyers in areas to help those who do not have access to legal aid, and discovered that the state had the fourth largest migrant farmworker population in the country. In the following year, the wildcat hop strikes began in the Yakima Valley. Fox connected with the organizers of the hop strikes, Tomás Villanueva and Lupe Gamboa, and offered to provide legal representation to the emerging farmworkers union. As the UFW lawyer, Fox in Garza v. Patnode (1971) argued (1971) argued successfully that farmworkers had the right to organize. In that same year, Fox and Lupe Gamboa were arrested and convicted for trespassing onto the Roger's Walla Walla labor camp. Their convictions were eventually overturned and the decision confirmed that tenants in labor camps had the right to meet with union representatives and attorneys. Both cases were instrumental to the early efforts of the union (see State v. Fox, 1973 ). Fox continued to provide legal representation to the UFW until 1988. In that year Fox became a King County Superior Court Judge. On the bench, Fox called attention to the treatment of minorities in the legal system, particularly related to drug sentencing. Fox retired in 2011 after a distinguished judicial career.
=520  \\$aThis collection traces a series of legal cases arising out of the June 19, 1971 arrest for trespassing of Seattle-King County Legal Services attorney Michael Fox and union organizer Guadalupe Gamboa of the UFW Co-op in Toppenish. Fox and Gamboa visited the Rogers Walla Walla Inc. migrant labor camp following Gamboa's contact with workers there who had grievances regarding their working and living conditions.  When they attempted to meet with workers, Rogers employees refused them entry without their naming the individuals they were meeting with and the purpose of their meeting.  Fox and Gamboa refused to provide names, reasoning that employees named would be in potential danger of losing their jobs or worse.  Rogers representatives called the sheriff who arrested Fox and Gamboa for trespassing and fined them {dollar}25 each.  Fox and Gamboa appealed their conviction to the Superior Court of the County of Walla Walla, which affirmed the conviction in December 1971.  Fox and Gamboa then appealed to the Washington State Supreme Court, which reversed the finding of the Superior Court in May 1973.  This established an important precedent for future organizers and attorneys in the state.  The State of Washington sought a hearing in the United State Supreme Court, which refused to hear the case.  In Fox v. Klundt [Walla Walla County Sheriff] et al, Fox brought a civil suit against representatives of Rogers Walla Walla for damages and received a settlement of {dollar}6,000. Reinclude legal materials and  newspapers articles relating to the court cases. Other records relate to the State of Washington State v. Michael Fox, 1973.
=506  0\$aNo restrictions on access.
=540  \\$aCreator's copyrights transferred to the University of Washington Libraries Special Collections.
=500  \\$aForms a part of the Labor Archives of Washington.
=541  \\$aMichael J. Fox,$d2016.
=600  10$aFox, Michael J.$q(Michael James),$d1944-$vArchives.
=610  20$aUnited Farm Workers Organizing Committee.
=600  10$aGamboa, Guadalupe,$d1945-
=650  \0$aLawyers$zWashington (State)$vArchives.
=650  \0$aLabor disputes$zWashington (State)
=650  \0$aAgricultural laborers$zWashington (State)
=650  \0$aAgricultural laborers$xLabor unions$xOrganizing$zWashington (State)
=650  \0$aAgricultural laborers$xLabor unions$zWashington (State)
=650  \0$aMigrant agricultural laborers$zWashington (State)
=650  \0$aMigrant agricultural laborers$xLabor unions$xOrganizing$zWashington (State)
=650  \0$aMigrant agricultural laborers$xLabor unions$zWashington (State)
=650  \0$aLabor unions$zWashington (State)
=650  \0$aLabor$zWashington (State)
=650  \0$aLabor movement$zWashington (State)
=650  \0$aLabor union members$zWashington (State)
=650  \6$aTravailleurs agricoles$0(CaQQLa)201-0023159$zWashington (État)$0(CaQQLa)201-0395184
=650  \6$aTravailleurs agricoles$0(CaQQLa)201-0121622$xSyndicalisation$0(CaQQLa)201-0121622$zWashington (État)$0(CaQQLa)201-0395184
=650  \6$aTravailleurs agricoles$0(CaQQLa)201-0053847$xSyndicats$0(CaQQLa)201-0053847$zWashington (État)$0(CaQQLa)201-0395184
=650  \6$aTravailleurs agricoles migrants$0(CaQQLa)201-0066810$zWashington (État)$0(CaQQLa)201-0395184
=650  \6$aTravailleurs agricoles migrants$0(CaQQLa)201-0066810$xSyndicalisation$0(CaQQLa)201-0380612$zWashington (État)$0(CaQQLa)201-0395184
=650  \6$aTravailleurs agricoles migrants$0(CaQQLa)201-0174732$xSyndicats$0(CaQQLa)201-0174732$zWashington (État)$0(CaQQLa)201-0395184
=650  \6$aSyndicats$0(CaQQLa)201-0007001$zWashington (État)$0(CaQQLa)201-0395184
=650  \6$aTravail$0(CaQQLa)201-0093408$zWashington (État)$0(CaQQLa)201-0395184
=650  \6$aMouvement ouvrier$0(CaQQLa)201-0078721$zWashington (État)$0(CaQQLa)201-0395184
=650  \6$aSyndiqués$0(CaQQLa)201-0268551$zWashington (État)$0(CaQQLa)201-0395184
=610  27$aUnited Farm Workers Organizing Committee.$2fast$0(OCoLC)fst00514495
=650  \7$aAgricultural laborers.$2fast$0(OCoLC)fst00800949
=650  \7$aAgricultural laborers$xLabor unions.$2fast$0(OCoLC)fst00800972
=650  \7$aAgricultural laborers$xLabor unions$xOrganizing.$2fast$0(OCoLC)fst00800974
=650  \7$aLabor.$2fast$0(OCoLC)fst00989798
=650  \7$aLabor disputes.$2fast$0(OCoLC)fst00989929
=650  \7$aLabor movement.$2fast$0(OCoLC)fst00990079
=650  \7$aLabor union members.$2fast$0(OCoLC)fst00990256
=650  \7$aLabor unions.$2fast$0(OCoLC)fst00990260
=650  \7$aLawyers.$2fast$0(OCoLC)fst00994346
=650  \7$aMigrant agricultural laborers.$2fast$0(OCoLC)fst01020686
=650  \7$aMigrant agricultural laborers$xLabor unions.$2fast$0(OCoLC)fst01020696
=651  \7$aWashington (State)$2fast$0(OCoLC)fst01204703
=655  \7$aArchives.$2fast$0(OCoLC)fst01423700
=655  \7$aLegal instruments.$2fast$0(OCoLC)fst01774279
=655  \7$aPersonal correspondence.$2fast$0(OCoLC)fst01919948
=655  \7$aRecords (Documents)$2fast$0(OCoLC)fst01919961
=655  \7$aRecords (Documents)$2lcgft
=655  \7$aPersonal correspondence.$2lcgft
=655  \7$aLegal instruments.$2lcgft
=655  \7$aDocuments administratifs.$2rvmgf$0(CaQQLa)RVMGF-000001054
=655  \7$aCorrespondance privée.$2rvmgf$0(CaQQLa)RVMGF-000001056
=655  \7$aActes instrumentaires.$2rvmgf$0(CaQQLa)RVMGF-000001463
=710  2\$aLabor Archives of Washington,$ehost institution.
=856  42$uhttp://archiveswest.orbiscascade.org/ark:/80444/xv45712$zConnect to the finding aid for this collection
=049  \\$aWAUW

