=LDR  01918cpc a22003731a 4500
=001  28376130
=008  880713i19191963wau\\\\\\\\\\\\\\\\\eng\d
=005  20230628202454.3
=010  \\$a   88797365 $bms 87001268 
=040  \\$aWaU$eappm$beng$cDLC$dWAU$dNUCMC$dWAU$dOCLCO$dOCLCQ$dOCL$dOCLCO$dWAU
=043  \\$an-us-wa
=100  1\$aFriedheim, Robert L.
=245  00$kPapers,$f1919-1963.
=300  \\$a.5 ft.
=500  \\$aThe material described in this catalog record is located in the collections of the University of Washington Libraries (Seattle).
=545  \\$aBorn Robert Lyle Friedheim in 1934.
=520  8\$aSource materials gathered by Friedheim while writing The Seattle General Strike (1964), including interviews and transcripts of testimony of strike participants; and draft copies of the book.
=555  \\$aA finding aid to the papers in available in the Special Collections Division of the University of Washington Libraries and on the World Wide Web
=650  \0$aGeneral Strike, Seattle, Wash., 1919.
=650  \0$aStrikes and lockouts$zWashington (State)
=600  10$aFriedheim, Robert L.$tSeattle General Strike.
=651  \4$aSeattle (Wash.)$xLabor$xStrikes and lockouts.
=651  \4$aWashington (State)$xLabor$xStrikes and lockouts.
=650  \6$aGrève générale, Seattle, Wash., 1919.$0(CaQQLa)000262737
=650  \7$aStrikes and lockouts.$2fast$0(OCoLC)fst01135030
=651  \7$aWashington (State)$zSeattle.$2fast$0(OCoLC)fst01204940
=651  \7$aWashington (State)$2fast$0(OCoLC)fst01204703
=647  \7$aGeneral Strike$c(Seattle, Washington :$d1919)$2fast$0(OCoLC)fst01404259
=648  \7$a1919$2fast
=655  \7$aInterviews.$2ftamc
=740  01$aSeattle General Strike.
=851  \\$aUniversity of Washington Libraries$c(Seattle).
=856  42$uhttps://archiveswest.orbiscascade.org/ark:80444/xv30935$zConnect to the online finding aid for this collection
=049  \\$aWAUW

