=LDR  01081cpcaa22001813  4500
=001  858588305
=008  130918i19331956xx\\\\\\\\\\\\\\\\\\eng\d
=005  20220323064549.2
=040  \\$aWAU$beng$cWAU$dWAU$dOCLCQ$dWAU$dOCLCO
=100  1\$aGallacci, John,$d1901-1982.
=245  10$aJohn Gallacci papers,$f1933-1956$g(bulk: 1936-1951).
=300  \\$a1 vertical file
=520  2\$aPapers of a former secretary-treasurer of the International Longshoremen's Assocation, Local 38-86 (Port Angeles, Washington).
=545  0\$aJohn David Gallacci (1901-1982) was a charter member of the International Longhoremen's Association, Local 38-86 (Port Angeles, Washington). Gallacci served as Secretary Treasurer before retiring and took a withdrawal in 1952. Gallacci participated in the maritime strikes of 1934 and 1936-1937, and eventually became Secretary-Treasurer of Local 38-86.
=506  \\$aOpen to all users.
=540  \\$aCreator's literary rights undetermined.
=856  42$uhttp://archiveswest.orbiscascade.org/ark:/80444/xv04248$zConnect to the online finding aid for this collection
=049  \\$aWAUW

