=LDR  05264cpcaa22007817i 4500
=001  123954478
=008  070503i19601985xxu\\\\\\\\\\\\\\\\\eng\d
=005  20220608032320.0
=040  \\$aWAU$beng$erda$edacs$cWAU$dWAU$dOCLCQ$dWAU$dOCLCF$dWAU$dOCLCO$dWAU$dOCLCO$dOCLCQ$dOCLCO
=043  \\$an-us-wa
=046  \\$o1921$p1998$2edtf
=100  1\$aGundlach, Jean,$ecreator.
=245  10$aJean Gundlach papers
=264  \0$c1921-1998
=300  \\$a2.71$fcubic feet$a(3 boxes, 1 oversize folder)
=336  \\$atext$btxt$2rdacontent
=337  \\$aunmediated$bn$2rdamedia
=338  \\$asheet$bnb$2rdacarrier
=351  \\$aArranged in two accessions: Accession no. 5207-001, Jean Gundlach papers, 1960-1985 and Accession no. 5207-002, Jean Gundlach papers, 1921-1998.
=386  \\$aWomen$2lcdgt
=386  \\$aActivists$2lcdgt
=386  \\$aWashingtonians (Washington State)$2lcdgt
=506  \\$aOpen to all users.
=540  \\$aSome restrictions exist on duplication, quotation, or publication. Contact the repository for details.
=500  \\$aProcessing levels vary. Contact the repository for details.
=541  \\$aAccession no. 5207-002:$cDonated by Jean Gundlach via the Harry Bridges Center for Labor Studies at the University of Washington,$d2013.
=541  \\$aAccession no. 5207-001:$cDonated by Jean Gundlach,$dDecember 1, 1999.
=545  0\$aFor thirty years Jean Gundlach served as administrative assistant of the International Longshore and Warehouse Union Coast Committee, working closely with ILWU President Harry Bridges. Gundlach was born in Missouri and moved to Seattle in the 1940s. In 1946 she began work as secretary of the Committee for Maritime Unity, and later worked for the United Fisherman and Allied Workers of America (UFAWA). When the UFAWA merged with the ILWU in the 1960s, Gundlach went to work for the ILWU and Harry Bridges. Throughout her life, Gundlach was devoted to progressive causes, working with migrant farm workers in the 1950s and even leading a walkout at the ILWU when Bridges and other officers treated staff unfairly. In the 1990s Gundlach was instrumental in obtaining a formal apology from the University of Washington to the victims of the Canwell Committee trials. In 1992 she had a major role in the creation of the Harry Bridges Chair in Labor Studies, and in 2008 was awarded the Harry Bridges Center for Labor Studies Robert Duggan Distinguished Supporter of Labor Studies Award. Jean Gundlach passed away December 11, 2009.
=520  2\$aClippings, photographs, and an assortment of textual items and ephemera from her employment by trade unions, most notably the International Longshoremen's and Warehousemen's Union in San Francisco. Some items date from her retirement in Western Washington.
=500  \\$aForms part of the Labor Archives of Washington.
=506  \\$aAccession no. 5207-001, Creator's literary rights not transferred to the University of Washington Libraries.
=506  \\$aAccession no. 5207-002, Creator's literary rights transferred to the University of Washington Libraries.
=600  10$aGundlach, Jean$vArchives.
=650  \0$aPolitical activists.
=610  20$aInternational Longshoremen's and Warehousemen's Union$xEmployees.
=610  20$aPacific Coast Pensioners Association$xEmployees.
=650  \0$aLabor$zWashington (State)
=650  \0$aLabor unions$zWashington (State)
=650  \0$aLabor movement$zWashington (State)
=650  \6$aActivistes.$0(CaQQLa)201-0007800
=650  \6$aTravail$0(CaQQLa)201-0093408$zWashington (État)$0(CaQQLa)201-0395184
=650  \6$aSyndicats$0(CaQQLa)201-0007001$zWashington (État)$0(CaQQLa)201-0395184
=650  \6$aMouvement ouvrier$0(CaQQLa)201-0078721$zWashington (État)$0(CaQQLa)201-0395184
=650  \7$aactivists.$2aat$0(CStmoGRI)aat300025826
=610  27$aInternational Longshoremen's and Warehousemen's Union.$2fast$0(OCoLC)fst00535607
=650  \7$aEmployees.$2fast$0(OCoLC)fst00909111
=650  \7$aLabor.$2fast$0(OCoLC)fst00989798
=650  \7$aLabor movement.$2fast$0(OCoLC)fst00990079
=650  \7$aLabor unions.$2fast$0(OCoLC)fst00990260
=650  \7$aPolitical activists.$2fast$0(OCoLC)fst01069192
=651  \7$aWashington (State)$2fast$0(OCoLC)fst01204703
=655  \7$anewspaper clippings.$2aat$0(CStmoGRI)aatgf300429554
=655  \7$acommercial correspondence.$2aat$0(CStmoGRI)aatgf300026914
=655  \7$aphotographs.$2aat$0(CStmoGRI)aatgf300046300
=655  \7$aprinted ephemera.$2aat$0(CStmoGRI)aatgf300264821
=655  \7$aArchives.$2fast$0(OCoLC)fst01423700
=655  \7$aBusiness correspondence.$2fast$0(OCoLC)fst01919897
=655  \7$aEphemera.$2fast$0(OCoLC)fst01919921
=655  \7$aPhotographs.$2fast$0(OCoLC)fst01423689
=655  \7$aBusiness correspondence.$2lcgft
=655  \7$aPhotographs.$2lcgft
=655  \7$aEphemera.$2lcgft
=655  \7$aCorrespondance commerciale.$2rvmgf$0(CaQQLa)RVMGF-000001162
=655  \7$aPhotographies.$2rvmgf$0(CaQQLa)RVMGF-000001676
=655  \7$aDocuments éphémères.$2rvmgf$0(CaQQLa)RVMGF-000001046
=710  2\$aLabor Archives of Washington,$ecurator.
=856  42$uhttp://archiveswest.orbiscascade.org/ark:/80444/xv21511$zConnect to the online finding aid for this collection.
=049  \\$aWAUW

