=LDR  04587cpcaa2200541Ia 4500
=001  55076754
=008  040505i19082022xx\\\\\\\\\\\\\\\\\\eng\d
=005  20230601175633.0
=040  \\$aWAU$beng$eappm$cWAU$dOCLCQ$dOCL$dOCLCQ$dOCLCA$dWAU$dOCLCO$dWAU$dOCLCF$dOCLCA$dOCL$dOCLCA$dWAU$dOCLCO$dWAU
=043  \\$an-us-wa
=100  1\$aHoney, Michael K.
=245  10$aMichael K. Honey papers,$f1908-2022$g(1976-2022).
=300  \\$a35.84 cubic ft. (33 boxes and 1 oversize vertical file)
=506  \\$aOpen to all users, but access to portions of the papers restricted. Contact repository for details.
=540  \\$aCreator's literary rights transferred to the University of Washington Libraries.
=545  \\$aProfessor of labor and ethnic studies and American history at the University of Washington, Tacoma.
=545  0\$aMichael Honey received his Ph. D. in history from Northern Illinois University in 1988. In 1990 he joined the faculty of the University of Washington, Tacoma, as professor of labor and ethnic studies and American history in the Interdisciplinary Arts and Sciences Program. He initiated and led the Center for the Study of Community and Society and the Ernie Tanner Labor and Ethnic Studies Center, both at the University of Washington, Tacoma, 1992-. He also held the Harry Bridges Endowed Chair of Labor Studies, 2000-2004.
=520  2\$aGeneral correspondence, research files, articles, student records,     notes, drafts, subject files, conference files, program files, pamphlets, video recordings,     audio cassette recordings. Research files contain copies of correspondence held at other     institutions concerning labor efforts in Alaska during the first half of the     century and southern unionists in North Carolina during the Civil War. Research materials for Honey's work on the Civil Rights movement and     labor activism in the American South, materials on labor organizing and civil     rights in the Pacific Northwest, oral recordings of black labor activists, the Memphis sanitation strike, John Handcox, and     chattel slavery. Contains slides, newspaper clippings, videocassettes and sound     cassettes of the aforementioned subjects as well as his program 'Links on the     Chain.'' Also includes materials related to Honey's writing including articles, drafts, correspondence, reviews, publicity, and other materials related to publishing. Also includes materials related to Honey's work with the Harry Bridges Center for Labor Studies, other labor organizations, and Study of Community and Society background materials, newsletters,     notes, financial records, and other materials.
=600  10$aHoney, Michael K.$vArchives.
=610  20$aUniversity of Washington Tacoma.
=610  20$aUniversity of Washington Tacoma.$bInterdisciplinary Arts and Sciences.
=650  \0$aCollege teachers$zWashington (State)$zTacoma$vArchives.
=650  \0$aHistorians$zWashington (State)$zTacoma$vArchives.
=650  \0$aLabor movement$xStudy and teaching (Higher)$zWashington (State)$zTacoma.
=650  \0$aLabor movement$zUnited States$xHistory.
=650  \0$aLabor movement$xResearch$zUnited States.
=650  \6$aMouvement ouvrier$0(CaQQLa)201-0078721$zÉtats-Unis$0(CaQQLa)201-0407727$xHistoire.$0(CaQQLa)201-0378888
=650  \6$aMouvement ouvrier$0(CaQQLa)201-0078721$xRecherche$0(CaQQLa)201-0379425$zÉtats-Unis.$0(CaQQLa)201-0407727
=600  17$aHoney, Michael K.$2fast$0(OCoLC)fst00180260
=610  27$aUniversity of Washington Tacoma.$2fast$0(OCoLC)fst00717286
=650  \7$aCollege teachers.$2fast$0(OCoLC)fst00868114
=650  \7$aHistorians.$2fast$0(OCoLC)fst00957686
=650  \7$aLabor movement.$2fast$0(OCoLC)fst00990079
=650  \7$aLabor movement$xResearch.$2fast$0(OCoLC)fst00990105
=651  \7$aUnited States.$2fast$0(OCoLC)fst01204155
=651  \7$aWashington (State)$zTacoma.$2fast$0(OCoLC)fst01205636
=655  \7$asound recordings.$2aat$0(CStmoGRI)aatgf300028633
=655  \7$aArchives.$2fast$0(OCoLC)fst01423700
=655  \7$aHistory.$2fast$0(OCoLC)fst01411628
=655  \7$aSound recordings.$2fast$0(OCoLC)fst01411639
=655  \7$aVideo recordings.$2fast$0(OCoLC)fst01692913
=655  \7$aSound recordings.$2lcgft
=655  \7$aVideo recordings.$2lcgft
=655  \7$aEnregistrements sonores.$2rvmgf$0(CaQQLa)RVMGF-000000201
=655  \7$aVidéos.$2rvmgf$0(CaQQLa)RVMGF-000001738
=710  2\$aUniversity of Washington.$bUniversity Archives.
=856  42$uhttp://archiveswest.orbiscascade.org/ark:/80444/xv28737$zConnect to the online finding aid for this collection
=049  \\$aWAUW

