=LDR  01330npcaa22002533i 4500
=001  1390460500
=008  230714i19101970xx\\\\\\\\\\\\\\\\\\eng\d
=005  20230714175916.6
=040  \\$aWAU$beng$erda$edacs$cWAU
=100  1\$aHopkinson, Mary,$d1880-1970,$ecreator.
=245  10$aMary Hopkinson papers.
=264  \0$capproximately 1910-1970.
=300  \\$a1.14 cubic feet (1 box)
=336  \\$atext$btxt$2rdacontent
=337  \\$aunmediated$bn$2rdamedia
=338  \\$asheet$bnb$2rdacarrier
=545  0\$aMary Hopkinson (1880-1970) was born Maria Amelia Bartels in Hamburg, Germany. She came to the United States before the turn of the 20th century and married Edwin William Hopkinson in 1903. Mary Hopkinson was heavily involved in the labor movement and was a founding member of the Washington Pension Union.
=520  2\$aCorrespondence, passports, deeds, clippings, ephemera, pamphlets. Materials concern socialist and left wing ideologies.
=506  \\$aOpen to all users.
=540  \\$aCreator's literary rights not transferred to the University of Washington Libraries.
=541  \\$aBibliographic Source: Mary Hopkinson via George Rennar
=546  \\$aCollection materials are in English.
=856  42$uhttp://archiveswest.orbiscascade.org/ark:/80444/xv299163$zConnect to the online finding aid for this collection
=049  \\$aWAUW

