=LDR  03783cpcaa2200649 i 4500
=001  894050272
=008  141030i19611991wau\\\\\\\\\\\\\\\\\eng\d
=005  20220522222516.7
=040  \\$aWAU$beng$erda$edacs$cWAU$dOCLCQ$dWAU$dOCLCO$dOCLCF$dWAU$dOCLCO
=041  0\$heng
=046  \\$o1961$p1991$2edtf
=110  2\$aInternational Association of Machinists and Aerospace Workers.$bAerospace Industrial District Lodge 751-E,$ecreator.
=245  10$aInternational Association of Machinists and Aerospace Workers, Lodge 751E records,
=264  \0$c1961-1991.
=300  \\$a2$fcubic feet$a(2 boxes)
=336  \\$atext$btxt$2rdacontent
=337  \\$aunmediated$bn$2rdamedia
=338  \\$asheet$bnb$2rdacarrier
=545  1\$aIAM 751-E is local lodge of the International Association of Machinists, District 751. Chartered by the District in 1961, the local's membership is comprised of skilled electronics workers at Boeing.
=520  2\$aFinancial and membership reports, meeting minutes, correspondence, rosters.
=506  \\$aOpen to all users. Records stored off site; advance notice required for use.
=540  \\$aCreator's literary rights transferred to the University of Washington Libraries.
=541  \\$cAcquired from:$aRoy Wilkinson, Recording Secretary IAM-751-E,$dFebruary 18, 2014.
=500  \\$aForms a part of the Labor Archives of Washington.
=610  20$aInternational Association of Machinists and Aerospace Workers.$bAerospace Industrial District Lodge 751-E$vArchives.
=650  \0$aLabor$zWashington (State)$xHistory$vSources.
=650  \0$aLabor unions$zWashington (State)$xHistory$vSources.
=650  \0$aLabor movement$zWashington (State)$xHistory$vSources.
=650  \0$aStrikes and lockouts$zWashington (State)$xHistory$vSources.
=650  \0$aMachinists$xLabor unions$zWashington (State)$xHistory$vSources.
=650  \0$aAerospace industries$xEmployees$xLabor unions$zWashington (State)$xHistory$vSources.
=650  \6$aTravail$0(CaQQLa)201-0093408$zWashington (État)$0(CaQQLa)201-0395184$xHistoire$0(CaQQLa)201-0382350$vSources.$0(CaQQLa)201-0382350
=650  \6$aSyndicats$0(CaQQLa)201-0007001$zWashington (État)$0(CaQQLa)201-0395184$xHistoire$0(CaQQLa)201-0382350$vSources.$0(CaQQLa)201-0382350
=650  \6$aMouvement ouvrier$0(CaQQLa)201-0078721$zWashington (État)$0(CaQQLa)201-0395184$xHistoire$0(CaQQLa)201-0382350$vSources.$0(CaQQLa)201-0382350
=650  \7$aAerospace industries$xEmployees$xLabor unions.$2fast$0(OCoLC)fst00798640
=650  \7$aLabor.$2fast$0(OCoLC)fst00989798
=650  \7$aLabor movement.$2fast$0(OCoLC)fst00990079
=650  \7$aLabor unions.$2fast$0(OCoLC)fst00990260
=650  \7$aMachinists$xLabor unions.$2fast$0(OCoLC)fst01005118
=650  \7$aStrikes and lockouts.$2fast$0(OCoLC)fst01135030
=651  \7$aWashington (State)$2fast$0(OCoLC)fst01204703
=655  \2$aLetter$0(DNLM)D016422
=655  \7$afinancial records.$2aat$0(CStmoGRI)aatgf300027473
=655  \7$arosters.$2aat$0(CStmoGRI)aatgf300027178
=655  \7$acommercial correspondence.$2aat$0(CStmoGRI)aatgf300026914
=655  \7$aArchives.$2fast$0(OCoLC)fst01423700
=655  \7$aBusiness correspondence.$2fast$0(OCoLC)fst01919897
=655  \7$aHistory.$2fast$0(OCoLC)fst01411628
=655  \7$aMinutes (Records)$2fast$0(OCoLC)fst01919940
=655  \7$aSources.$2fast$0(OCoLC)fst01423900
=655  \7$aBusiness correspondence.$2lcgft
=655  \7$aMinutes (Records)$2lcgft
=655  \7$aCorrespondance commerciale.$2rvmgf$0(CaQQLa)RVMGF-000001162
=655  \7$aProcès-verbaux.$2rvmgf$0(CaQQLa)RVMGF-000001222
=710  2\$aLabor Archives of Washington,$ecurator.
=856  42$uhttp://archiveswest.orbiscascade.org/ark:/80444/xv39938$zConnect to the online finding aid for this collection
=049  \\$aWAUW

