=LDR  05968cpcaa2200793 i 4500
=001  1241091981
=008  210310i19372017wau\\\\\\\\\\\\\\\\\eng\d
=005  20220809232034.1
=040  \\$aWAU$beng$erda$edacs$cWAU$dWAU$dOCLCO$dWAU$dOCLCO$dOCLCF$dOCLCO$dOCL
=046  \\$o1937$p2017$2edtf
=110  2\$aInternational Association of Machinists and Aerospace Workers.$bDistrict Lodge 751,$ecreator.
=245  10$aInternational Association of Machinists and Aerospace Workers, District Lodge 751 records.
=264  \0$c1937-2017.
=300  \\$a21.5$fcubic feet$a(25 boxes and 1 OS folder)
=336  \\$atext$btxt$2rdacontent
=337  \\$aunmediated$bn$2rdamedia
=338  \\$asheet$bnb$2rdacarrier
=338  \\$aobject$bnr$2rdacarrier
=545  0\$aThe International Association of Machinists and Aerospace Workers District Lodge No. 751 traces its origins to the founding of Local Lodge 751 of the International Association of Machinists at the Boeing Airplane Company in 1935. This local union organized Boeing on an industrial rather than craft basis. The first collective bargaining agreement with Boeing was signed July 1, 1936. A union shop was established with the second contract, in 1937. The union was re-organized as District Lodge No. 751 in 1941. It now consists of local lodges 751-A (assembly and production workers), 751-C (machinists), 751-E (electronics workers), 751-F (inspectors, clerks, others), Local 86 (workers in Spokane area), Local 1123 (workers in Wenatchee area and Grand Coulee Dam), and Local 1951 (Richland).
=520  2\$aUnion governance records include District Lodge 751 council minutes, membership records, and records of union officer elections. Collective bargaining records include negotiation records and contacts with the Boeing Company (1943-1999) as well as records relating to strikes such as video recordings. Records of the District Lodge's Labor History Committee include publications on union history, video interviews with union activists, and memorabilia. Press and publicity records include clipping documenting press coverage of the union and its activities as well as items relating to the IAMAW's activities in the community. Records include numerous artifacts, including badges and pins, stickers and patches, and apparel related to the union and allied organizations.
=500  \\$aOne film of the Bel Canto Championship Choir, Franklin High School, Christmas program was transferred to the Seattle Public School District Archives.
=506  \\$aNo restrictions on access.
=540  \\$aCreator's copyrights transferred to the University of Washington Libraries Special Collections.
=541  \\$cDonated by:$aDistrict Lodge 751 point person Tom Lux with approval of Sue Palmer IAM District 751 Secretary-Treasurer,$dJanuary 19, 2017.
=546  \\$aCollection materials are in English.
=500  \\$aForms a part of the Labor Archives of Washington.
=610  20$aInternational Association of Machinists and Aerospace Workers.$bAerospace Industrial District Lodge 751-E$vArchives.
=650  \0$aLabor$zWashington (State)$xHistory$vSources.
=650  \0$aLabor unions$zWashington (State)$xHistory$vSources.
=650  \0$aLabor movement$zWashington (State)$xHistory$vSources.
=650  \0$aStrikes and lockouts$zWashington (State)$xHistory$vSources.
=650  \0$aMachinists$xLabor unions$zWashington (State)$xHistory$vSources.
=650  \0$aAerospace industries$xEmployees$xLabor unions$zWashington (State)$xHistory$vSources.
=650  \6$aTravail$0(CaQQLa)201-0093408$zWashington (État)$0(CaQQLa)201-0395184$xHistoire$0(CaQQLa)201-0382350$vSources.$0(CaQQLa)201-0382350
=650  \6$aSyndicats$0(CaQQLa)201-0007001$zWashington (État)$0(CaQQLa)201-0395184$xHistoire$0(CaQQLa)201-0382350$vSources.$0(CaQQLa)201-0382350
=650  \6$aMouvement ouvrier$0(CaQQLa)201-0078721$zWashington (État)$0(CaQQLa)201-0395184$xHistoire$0(CaQQLa)201-0382350$vSources.$0(CaQQLa)201-0382350
=650  \7$aAerospace industries$xEmployees$xLabor unions.$2fast$0(OCoLC)fst00798640
=650  \7$aLabor.$2fast$0(OCoLC)fst00989798
=650  \7$aLabor movement.$2fast$0(OCoLC)fst00990079
=650  \7$aLabor unions.$2fast$0(OCoLC)fst00990260
=650  \7$aMachinists$xLabor unions.$2fast$0(OCoLC)fst01005118
=650  \7$aStrikes and lockouts.$2fast$0(OCoLC)fst01135030
=651  \7$aWashington (State)$2fast$0(OCoLC)fst01204703
=655  \7$aAlbums (Books)$2fast$0(OCoLC)fst01726784
=655  \7$afinancial records.$2aat$0(CStmoGRI)aatgf300027473
=655  \7$abadges.$2aat$0(CStmoGRI)aatgf300193994
=655  \7$aclothing.$2aat$0(CStmoGRI)aatgf300266639
=655  \7$ascrapbooks.$2aat$0(CStmoGRI)aatgf300027341
=655  \7$acommercial correspondence.$2aat$0(CStmoGRI)aatgf300026914
=655  \7$aminute books.$2aat$0(CStmoGRI)aatgf300135375
=655  \7$aminutes (administrative records)$2aat$0(CStmoGRI)aatgf300027440
=655  \7$aoral histories (literary works)$2aat$0(CStmoGRI)aatgf300202595
=655  \7$aArchives.$2fast$0(OCoLC)fst01423700
=655  \7$aBusiness correspondence.$2fast$0(OCoLC)fst01919897
=655  \7$aHistory.$2fast$0(OCoLC)fst01411628
=655  \7$aMinutes (Records)$2fast$0(OCoLC)fst01919940
=655  \7$aOral histories.$2fast$0(OCoLC)fst01726295
=655  \7$aSources.$2fast$0(OCoLC)fst01423900
=655  \7$aBusiness correspondence.$2lcgft
=655  \7$aMinutes (Records)$2lcgft
=655  \7$aOral histories.$2lcgft
=655  \7$aAlbums (Books)$2lcgft
=655  \7$aAlbums personnalisés.$2rvmgf$0(CaQQLa)RVMGF-000001033
=655  \7$aCorrespondance commerciale.$2rvmgf$0(CaQQLa)RVMGF-000001162
=655  \7$aProcès-verbaux.$2rvmgf$0(CaQQLa)RVMGF-000001222
=655  \7$aHistoires orales.$2rvmgf$0(CaQQLa)RVMGF-000312406
=710  2\$aLabor Archives of Washington,$ecurator.
=856  42$uhttp://archiveswest.orbiscascade.org/ark:/80444/xv242126$zConnect to the online finding aid for this collection
=049  \\$aWAUW

