=LDR  04861cpcaa2200769 i 4500
=001  123949141
=008  070503i19321941wau\\\\\\\\\\\\\\\\\eng\d
=005  20220511170529.7
=040  \\$aWAU$beng$erda$edacs$cWAU$dWAU$dOCLCO$dOCLCQ$dWAU$dOCLCO$dOCLCF$dOCLCO
=041  0\$heng
=043  \\$an-us-wa
=046  \\$o1932$p1941$2edtf
=110  2\$aInternational Association of Machinists.$bHope Lodge 79 (Seattle, Wash.),$ecreator.
=245  10$aInternational Association of Machinists, Hope Lodge 79 records.
=264  \0$c1932-1941
=300  \\$aapproximately 25 items
=336  \\$atext$btxt$2rdacontent
=337  \\$aunmediated$bn$2rdamedia
=338  \\$asheet$bnb$2rdacarrier
=545  1\$aA labor union lodge representing machinists and aerospace workers in Seattle, Washington. In 1891 the National Association of Machinists changed its name to the International Association of Machinists (IAM), at a conference in Pittsburgh, Pennsylvania.  Seattle's Hope Lodge 79 was formed in 1898. In 1935 the machinists started to organize with the airline industry and in 1936, the Boeing Company signed the industry's first labor agreement.  During World War II, President Roosevelt issued an executive order and appointed a President's committee on Fair Employment Practices, which allowed for integration of IAM. In 1964, IAM changed its name to the International Association of Machinists and Aerospace Workers.
=520  \\$aCorrespondence, contracts, agreements, proposals, and other records of the union.
=506  \\$aProcessing levels vary. Some restrictions exist on duplication, quotation, or publication. Contact the repository for details.
=541  \\$cDonated by:$aI.A. Sandvigen,$dMarch 25, 1960.
=500  \\$aForms a part of the Labor Archives of Washington.
=610  20$aInternational Association of Machinists.$bHope Lodge 79 (Seattle, Wash.)$vArchives.
=650  \0$aMachinists$xLabor unions$zWashington (State)$vArchives.
=650  \0$aAerospace industries$xEmployees$xLabor unions$zWashington (State)$vArchives.
=650  \0$aMachinists$xLabor unions$zWashington (State)$xHistory$vSources.
=650  \0$aAerospace industries$xEmployees$xLabor unions$zWashington (State)$xHistory$vSources.
=650  \0$aLabor$zWashington (State)$xHistory$vSources.
=650  \0$aLabor unions$zWashington (State)$xHistory$vSources.
=650  \0$aLabor movement$zWashington (State)$xHistory$vSources.
=650  \6$aTravail$0(CaQQLa)201-0093408$zWashington (État)$0(CaQQLa)201-0395184$xHistoire$0(CaQQLa)201-0382350$vSources.$0(CaQQLa)201-0382350
=650  \6$aSyndicats$0(CaQQLa)201-0007001$zWashington (État)$0(CaQQLa)201-0395184$xHistoire$0(CaQQLa)201-0382350$vSources.$0(CaQQLa)201-0382350
=650  \6$aMouvement ouvrier$0(CaQQLa)201-0078721$zWashington (État)$0(CaQQLa)201-0395184$xHistoire$0(CaQQLa)201-0382350$vSources.$0(CaQQLa)201-0382350
=610  27$aInternational Association of Machinists.$bHope Lodge 79 (Seattle, Wash.)$2fast$0(OCoLC)fst00633356
=650  \7$aAerospace industries$xEmployees$xLabor unions.$2fast$0(OCoLC)fst00798640
=650  \7$aLabor.$2fast$0(OCoLC)fst00989798
=650  \7$aLabor movement.$2fast$0(OCoLC)fst00990079
=650  \7$aLabor unions.$2fast$0(OCoLC)fst00990260
=650  \7$aMachinists$xLabor unions.$2fast$0(OCoLC)fst01005118
=651  \7$aWashington (State)$2fast$0(OCoLC)fst01204703
=655  \2$aLetter$0(DNLM)D016422
=655  \7$alegal documents.$2aat$0(CStmoGRI)aatgf300027590
=655  \7$afinancial records.$2aat$0(CStmoGRI)aatgf300027473
=655  \7$abusiness records.$2aat$0(CStmoGRI)aatgf300141693
=655  \7$acommercial correspondence.$2aat$0(CStmoGRI)aatgf300026914
=655  \7$acollective labor agreements.$2aat$0(CStmoGRI)aatgf300027630
=655  \7$acontracts.$2aat$0(CStmoGRI)aatgf300027649
=655  \7$aArchives.$2fast$0(OCoLC)fst01423700
=655  \7$aBusiness correspondence.$2fast$0(OCoLC)fst01919897
=655  \7$aCollective labor agreements.$2fast$0(OCoLC)fst01774247
=655  \7$aContracts.$2fast$0(OCoLC)fst01774255
=655  \7$aHistory.$2fast$0(OCoLC)fst01411628
=655  \7$aRecords (Documents)$2fast$0(OCoLC)fst01919961
=655  \7$aSources.$2fast$0(OCoLC)fst01423900
=655  \7$aBusiness correspondence.$2lcgft
=655  \7$aRecords (Documents)$2lcgft
=655  \7$aCollective labor agreements.$2lcgft
=655  \7$aContracts.$2lcgft
=655  \7$aDocuments administratifs.$2rvmgf$0(CaQQLa)RVMGF-000001054
=655  \7$aCorrespondance commerciale.$2rvmgf$0(CaQQLa)RVMGF-000001162
=655  \7$aConventions collectives.$2rvmgf$0(CaQQLa)RVMGF-000001475
=655  \7$aContrats.$2rvmgf$0(CaQQLa)RVMGF-000001473
=710  2\$aLabor Archives of Washington,$ecurator.
=856  42$uhttp://archiveswest.orbiscascade.org/ark:/80444/xv75375$zConnect to the finding aid for this collection.
=049  \\$aWAUW

