=LDR  01353cpcaa22002537a 4500
=001  123949267
=005  20230719195105.5
=008  070503i19221934xx\\\\\\\\\\\\\\\\\\eng\d
=040  \\$aWAU$beng$cWAU$dWAU$dOCLCQ$dWAU
=049  \\$aWAUW
=100  1\$aHopkinson, E. William,$d1875-1956,$ecreator.
=245  10$aE. William and Mary Hopkinson papers,$f1922-1934.
=246  30$aE. William Hopkinson papers,$f1922-1934
=300  \\$aapproximately 6.24 cubic ft.
=520  2\$aCorrespondence, minutes, ephemera, financial records, newsletters, objects, other.
=506  \\$aAccess may be restricted. Contact Special Collections for details.
=540  \\$aSome restrictions exist on duplication, quotation, or publication. Contact the repository for details.
=545  0\$aPolitical and labor activists.
=555  \\$aFinding aid in the repository.
=555  0\$aFinding aid available in the repository and on the World Wide Web.
=700  1\$aHopkinson, Mary,$d1880-1970,$ecreator.
=787  08$iComplemented by (work):$aHopkinson, E. William, 1875-1956.$tE. William Hopkinson papers, 1922-1934$w(OCoLC)1390766721
=856  42$uhttp://archiveswest.orbiscascade.org/ark:/80444/xv356902$zConnect to the online finding aid for this collection.
=856  42$uhttps://archiveswest.orbiscascade.org/ark:80444/xv30520$zConnect to the online finding aid for related collection.

