=LDR  05110cpcaa2200625 i 4500
=001  28411104
=008  881212i19371961wau\\\\\\\\\\\\\\\\\eng\d
=005  20230628160425.5
=010  \\$a   88798945 
=040  \\$aWAU$beng$erda$edacs$cWAU$dDLC$dOCL$dOCLCQ$dWAU$dOCLCA$dOCLCF$dOCLCA$dWAU$dOCLCO$dWAU
=043  \\$an-us-wa
=110  2\$aInternational Brotherhood of Boilermakers, Iron Shipbuilders, Blacksmiths, Forgers, and Helpers.$bLocal 104 (Seattle, Wash.),$ecreator.
=245  10$aInternational Brotherhood of Boilermakers, Iron Shipbuilders, Blacksmiths, Forgers, and Helpers, Local 104 (Seattle, Washington) records,$fcirca 1937-1961.
=300  \\$a7 cubic feet (7 boxes)
=336  \\$atext$btxt$2rdacontent
=337  \\$aunmediated$bn$2rdamedia
=338  \\$asheet$bnb$2rdacarrier
=351  \\$aArranged in 3 series: 1. Jurisdictional materials, circa 1937-1961; 2. Disputes, undated; 3. Subject files, circa 1937-1959.
=545  1\$aLabor organization of Seattle, Washington. Prior to July 1953, the organization's name was International Brotherhood of Boiler Makers, Iron Ship Builders, and Helpers of America, Local 104 (Seattle, Washington).
=520  2\$aThe records consist of correspondence, labor agreements, subject files, and other material of the International Brotherhood of Boilermakers, Iron Shipbuilders, Blacksmiths, Forgers, and Helpers of America, Local 104 (Seattle), and the organization that preceded it, the International Brotherhood of Boiler Makers, Iron Ship Builders, and Helpers of America, Local 104 (Seattle). Records document labor relations, union activities, and industry issues.
=506  \\$aThe records are open to all users.
=540  \\$aThe creator's literary rights have been transferred to the University of Washington Libraries.
=541  \\$aGift of the International Brotherhood of Boilermakers, Iron Shipbuilders, Blacksmiths, Forgers, and Helpers of America, Local 104, via James O'Brien, 1970.
=555  \\$aA finding aid to the records is available in the Special Collections division of the University of Washington Libraries and on the World Wide Web.
=524  \\$aInternational Brotherhood of Boilermakers, Iron Shipbuilders, Blacksmiths, Forgers, and Helpers of America, Local 104 (Seattle, Washington) records, Accession No. 1409-001. Special Collections, University of Washington Libraries, Seattle, Washington.
=610  20$aInternational Brotherhood of Boilermakers, Iron Shipbuilders, Blacksmiths, Forgers, and Helpers.$bLocal 104 (Seattle, Wash.)$vArchives.
=610  20$aInternational Brotherhood of Boiler Makers, Iron Ship Builders, and Helpers of America.$bLocal 104 (Seattle, Wash.)$vArchives.
=650  \0$aShipbuilding industry$xEmployees$xLabor unions$zWashington (State)$zSeattle.
=650  \0$aShipbuilding industry$zWashington (State)
=650  \0$aCollective labor agreements$zWashington (State)
=650  \0$aCollective labor agreements$xMetal industry.
=650  \0$aMetal-workers$zWashington (State)
=650  \0$aMetal-workers$xLabor unions$zWashington (State)
=650  \6$aConstruction navale$0(CaQQLa)201-0094082$xIndustrie$0(CaQQLa)201-0094082$xPersonnel$0(CaQQLa)201-0094082$xSyndicats$0(CaQQLa)201-0094082$zWashington (État)$0(CaQQLa)201-0394837$zSeattle.$0(CaQQLa)201-0394837
=650  \6$aConstruction navale$0(CaQQLa)201-0143821$xIndustrie$0(CaQQLa)201-0143821$zWashington (État)$0(CaQQLa)201-0395184
=650  \6$aConventions collectives$xTravailleurs des métaux.$0(CaQQLa)201-0064514
=650  \6$aTravailleurs des métaux$0(CaQQLa)201-0014656$zWashington (État)$0(CaQQLa)201-0395184
=650  \6$aTravailleurs des métaux$0(CaQQLa)201-0053812$xSyndicats$0(CaQQLa)201-0053812$zWashington (État)$0(CaQQLa)201-0395184
=610  27$aInternational Brotherhood of Boiler Makers, Iron Ship Builders, and Helpers of America.$bLocal 104 (Seattle, Wash.)$2fast$0(OCoLC)fst01488046
=610  27$aInternational Brotherhood of Boilermakers, Iron Shipbuilders, Blacksmiths, Forgers, and Helpers.$bLocal 104 (Seattle, Wash.)$2fast$0(OCoLC)fst00642579
=650  \7$aCollective labor agreements.$2fast$0(OCoLC)fst00867391
=650  \7$aCollective labor agreements$xMetal industry.$2fast$0(OCoLC)fst00867502
=650  \7$aMetal-workers.$2fast$0(OCoLC)fst01017832
=650  \7$aMetal-workers$xLabor unions.$2fast$0(OCoLC)fst01017843
=650  \7$aShipbuilding industry.$2fast$0(OCoLC)fst01116272
=650  \7$aShipbuilding industry$xEmployees$xLabor unions.$2fast$0(OCoLC)fst01116280
=651  \7$aWashington (State)$2fast$0(OCoLC)fst01204703
=651  \7$aWashington (State)$zSeattle.$2fast$0(OCoLC)fst01204940
=655  \7$acorrespondence.$2aat$0(CStmoGRI)aatgf300026877
=655  \7$aArchives.$2fast$0(OCoLC)fst01423700
=710  2\$aInternational Brotherhood of Boiler Makers, Iron Ship Builders, and Helpers of America.$bLocal 104 (Seattle, Wash.)
=710  2\$aLabor Archives of Washington,$ecurator.
=740  0\$aacc1409-001
=856  42$uhttps://archiveswest.orbiscascade.org/ark:80444/xv88249$zConnect to the online finding aid for these papers
=049  \\$aWAUW

