=LDR  09832cpcaa2201333 i 4500
=001  835633554
=008  130404i19022014wau\\\\\\\\\\\\\\\\\eng\d
=005  20230306054055.0
=007  kh\bo|
=040  \\$aWAU$beng$edacs$cWAU$dWAU$dOCLCO$dWAU$dOCLCO$dWAU$dOCLCO$dOCLCF$dOCLCO$dOCL
=041  0\$heng
=043  \\$an-us-wa
=046  \\$o1902$p2014$2edtf
=110  2\$aInternational Brotherhood of Electrical Workers.$bLocal 46 (Seattle, Wash.),$ecreator.
=245  10$aInternational Brotherhood of Electrical Workers, Local 46 records.
=264  \0$c1902-2014
=300  \\$a47.17 cubic feet$a(51 boxes and 2 oversized folders)
=336  \\$astill image$btdi$2rdacontent
=337  \\$aunmediated$bn$2rdamedia
=338  \\$asheet$bnb$2rdacarrier
=338  \\$avolume$bnc$2rdacarrier
=338  \\$aobject$bnr$2rdacarrier
=351  \\$aOrganized into 2 accessions : Accession No. 5739-001, International Brotherhood of Electrical Workers, Local 46 records, 1910-2009; Accession No. 5739-002, International Brotherhood of Electrical Workers, Local 46 records, 1902-2014.
=386  \\$aWashingtonians (Washington State)$2lcdgt
=545  1\$aThe International Brotherhood of Electrical Workers was founded in St. Louis, Missouri in 1890, when a group of electrical workers got together and chartered the National Brotherhood of Electrical Workers Local 5221 under the leadership of its first president, Henry Miller. Local 217 of Seattle, Washington was established in 1901 and ordered defunct in 1908. For six years, dissenting forces within the union caused a split, with each side electing its own officers. The AFL ultimately deemed the McNulty-Collins faction as the legitimate brotherhood. In 1914, the IBEW Local 46 was formed in Seattle with a membership of 250 men of various occupations: inside wiremen, marine wiremen, radio workers and telephone operators that worked in shipyards, industrial areas, uptown Seattle and its vicinity. Over the years the departments of the IBEW grew to include Sound and Communication, Residential, Marine, HVAC, Electronics, Motor Shop, Neon Sign and Maintenance. Current Local 46 jurisdiction includes King, Kitsap, Jefferson and Clallam Counties. Today, Local 46 is composed of over 4,500 members in a variety of craft units as well as over 1200 associate members.Local 46 jurisdiction includes King, Kitsap, Jefferson and Clallam Counties.
=520  2\$aMeeting minutes, registers, publications, reports, newsletters, contract negotiations, photographs, historical materials, dispatch books, office files, financial records and other materials documenting the various activities of several branches of International Brotherhood of Electrical Workers Local 46 located in the Seattle, Washington and its surrounding areas.Records of the International Brotherhood of Electrical Workers, local 46, including membership records, General Meeting minutes, Executive Board minutes, meeting minutes of various units within the organization, contract negotiations and publications.
=500  \\$aForms a part of the Labor Archives of Washington.
=506  \\$aOpen to all users.  Selected images can be viewed on the Libraries' Digital collections website via finding aid.
=540  \\$aCreator's literary rights transferred to the University of Washington Libraries.
=610  20$aInternational Brotherhood of Electrical Workers.$bLocal 46 (Seattle, Wash.)$vArchives.
=650  \0$aElectric industry workers$xLabor unions$zWashington (State)$zSeattle$vArchives.
=650  \0$aElectricians$xLabor unions$zWashington (State)$xArchives.
=650  \0$aElectric industry workers$xLabor unions$zWashington (State)$zSeattle$xHistory$vSources.
=650  \0$aElectricians$xLabor unions$zWashington (State)$xHistory$vSources.
=650  \0$aLabor$zWashington (State)$zSeattle$xSocieties, etc.$xHistory$vSources.
=650  \0$aLabor unions$zWashington (State)$zSeattle$xSocieties, etc.$xHistory$vSources.
=650  \0$aLabor movement$zWashington (State)$zSeattle$xSocieties, etc.$xHistory$vSources.
=650  \6$aIndustries électriques$0(CaQQLa)201-0094078$xPersonnel$0(CaQQLa)201-0094078$xSyndicats$0(CaQQLa)201-0094078$zWashington (État)$0(CaQQLa)201-0394837$zSeattle$0(CaQQLa)201-0394837$vArchives.$0(CaQQLa)201-0378256
=650  \6$aÉlectriciens$0(CaQQLa)201-0102092$xSyndicats$0(CaQQLa)201-0102092$zWashington (État)$0(CaQQLa)201-0395184$xArchives.$0(CaQQLa)201-0378363
=650  \6$aIndustries électriques$0(CaQQLa)201-0094078$xPersonnel$0(CaQQLa)201-0094078$xSyndicats$0(CaQQLa)201-0094078$zWashington (État)$0(CaQQLa)201-0394837$zSeattle$0(CaQQLa)201-0394837$xHistoire$0(CaQQLa)201-0382350$vSources.$0(CaQQLa)201-0382350
=650  \6$aÉlectriciens$0(CaQQLa)201-0102092$xSyndicats$0(CaQQLa)201-0102092$zWashington (État)$0(CaQQLa)201-0395184$xHistoire$0(CaQQLa)201-0382350$vSources.$0(CaQQLa)201-0382350
=650  \6$aTravail$0(CaQQLa)201-0093408$zWashington (État)$0(CaQQLa)201-0394837$zSeattle$0(CaQQLa)201-0394837$xAssociations$0(CaQQLa)201-0380049$xHistoire$0(CaQQLa)201-0382350$vSources.$0(CaQQLa)201-0382350
=650  \6$aSyndicats$0(CaQQLa)201-0007001$zWashington (État)$0(CaQQLa)201-0394837$zSeattle$0(CaQQLa)201-0394837$xAssociations$0(CaQQLa)201-0380049$xHistoire$0(CaQQLa)201-0382350$vSources.$0(CaQQLa)201-0382350
=650  \6$aMouvement ouvrier$0(CaQQLa)201-0078721$zWashington (État)$0(CaQQLa)201-0394837$zSeattle$0(CaQQLa)201-0394837$xAssociations$0(CaQQLa)201-0380049$xHistoire$0(CaQQLa)201-0382350$vSources.$0(CaQQLa)201-0382350
=650  \7$aElectric industry workers$xLabor unions.$2fast$0(OCoLC)fst00904958
=650  \7$aElectricians$xLabor unions.$2fast$0(OCoLC)fst00906245
=650  \7$aLabor movement$xSocieties, etc.$2fast$0(OCoLC)fst00990106
=650  \7$aLabor$xSocieties, etc.$2fast$0(OCoLC)fst00989834
=651  \7$aWashington (State)$2fast$0(OCoLC)fst01204703
=651  \7$aWashington (State)$zSeattle.$2fast$0(OCoLC)fst01204940
=655  \7$aNewsletters.$2fast$0(OCoLC)fst01919943
=655  \7$aBy-laws.$2fast$0(OCoLC)fst01423762
=655  \2$aLetter$0(DNLM)D016422
=655  \2$aPhotograph$0(DNLM)D059036
=655  \2$aEphemera$0(DNLM)D019502
=655  \7$alegal documents.$2aat$0(CStmoGRI)aatgf300027590
=655  \7$amembership lists.$2aat$0(CStmoGRI)aatgf300027141
=655  \7$abylaws (administrative records)$2aat$0(CStmoGRI)aatgf300027433
=655  \7$anewspaper clippings.$2aat$0(CStmoGRI)aatgf300429554
=655  \7$apublications (documents)$2aat$0(CStmoGRI)aatgf300111999
=655  \7$areports.$2aat$0(CStmoGRI)aatgf300027267
=655  \7$aaudits.$2aat$0(CStmoGRI)aatgf300027475
=655  \7$apamphlets.$2aat$0(CStmoGRI)aatgf300220572
=655  \7$afiles (document groupings)$2aat$0(CStmoGRI)aatgf300026942
=655  \7$afinancial records.$2aat$0(CStmoGRI)aatgf300027473
=655  \7$anewsletters.$2aat$0(CStmoGRI)aatgf300026652
=655  \7$acommercial correspondence.$2aat$0(CStmoGRI)aatgf300026914
=655  \7$acollective labor agreements.$2aat$0(CStmoGRI)aatgf300027630
=655  \7$acontracts.$2aat$0(CStmoGRI)aatgf300027649
=655  \7$anotebooks.$2aat$0(CStmoGRI)aatgf300264354
=655  \7$aphotographs.$2aat$0(CStmoGRI)aatgf300046300
=655  \7$aprinted ephemera.$2aat$0(CStmoGRI)aatgf300264821
=655  \7$aArchives.$2fast$0(OCoLC)fst01423700
=655  \7$aBusiness correspondence.$2fast$0(OCoLC)fst01919897
=655  \7$aCollective labor agreements.$2fast$0(OCoLC)fst01774247
=655  \7$aConference materials.$2fast$0(OCoLC)fst01919904
=655  \7$aContracts.$2fast$0(OCoLC)fst01774255
=655  \7$aEphemera.$2fast$0(OCoLC)fst01919921
=655  \7$aHistory.$2fast$0(OCoLC)fst01411628
=655  \7$aInstructional and educational works.$2fast$0(OCoLC)fst01919931
=655  \7$aMinutes (Records)$2fast$0(OCoLC)fst01919940
=655  \7$aNotebooks.$2fast$0(OCoLC)fst01919944
=655  \7$aPhotographs.$2fast$0(OCoLC)fst01423689
=655  \7$aRecords (Documents)$2fast$0(OCoLC)fst01919961
=655  \7$aSources.$2fast$0(OCoLC)fst01423900
=655  \7$aBusiness correspondence.$2lcgft
=655  \7$aRecords (Documents)$2lcgft
=655  \7$aMinutes (Records)$2lcgft
=655  \7$aCollective labor agreements.$2lcgft
=655  \7$aContracts.$2lcgft
=655  \7$aNotebooks.$2lcgft
=655  \7$aInstructional and educational works.$2lcgft
=655  \7$aConference materials.$2lcgft
=655  \7$aPhotographs.$2lcgft
=655  \7$aEphemera.$2lcgft
=655  \7$aBy-laws.$2lcgft
=655  \7$aNewsletters.$2lcgft
=655  \7$aRegistres des membres.$2rvmgf$0(CaQQLa)RVMGF-000001718
=655  \7$aStatuts.$2rvmgf$0(CaQQLa)RVMGF-000001472
=655  \7$aLettres d'informations.$2rvmgf$0(CaQQLa)RVMGF-000001104
=655  \7$aCorrespondance commerciale.$2rvmgf$0(CaQQLa)RVMGF-000001162
=655  \7$aDocuments administratifs.$2rvmgf$0(CaQQLa)RVMGF-000001054
=655  \7$aProcès-verbaux.$2rvmgf$0(CaQQLa)RVMGF-000001222
=655  \7$aConventions collectives.$2rvmgf$0(CaQQLa)RVMGF-000001475
=655  \7$aContrats.$2rvmgf$0(CaQQLa)RVMGF-000001473
=655  \7$aCahiers.$2rvmgf$0(CaQQLa)RVMGF-000001221
=655  \7$aMatériel d'éducation et de formation.$2rvmgf$0(CaQQLa)RVMGF-000001042
=655  \7$aDocuments de congrès.$2rvmgf$0(CaQQLa)RVMGF-000001050
=655  \7$aPhotographies.$2rvmgf$0(CaQQLa)RVMGF-000001676
=655  \7$aDocuments éphémères.$2rvmgf$0(CaQQLa)RVMGF-000001046
=710  2\$aLabor Archives of Washington,$ecurator.
=856  42$uhttp://archiveswest.orbiscascade.org/ark:/80444/xv59677$zConnect to the finding aid for this collection
=856  41$uhttps://digitalcollections.lib.washington.edu/digital/search/searchterm/5739-001/field/all/mode/exact/conn/and/order/title$zConnect to the digital version of this collection
=049  \\$aWAUW

