=LDR  06999cpcaa2201021 i 4500
=001  681656233
=008  101116i19052003wau\\\\\\\\\\\\\\\\\eng\d
=005  20220617174409.8
=040  \\$aWAU$beng$erda$edacs$cWAU$dWAU$dOCLCQ$dWAU$dOCLCF$dWAU$dOCLCO$dWAU$dOCLCO
=043  \\$an-us-wa$an-us-or$an-us-id
=046  \\$o1905$p2003$2edtf
=110  2\$aInternational Brotherhood of Electrical Workers.$bLocal 77 (Seattle, Wash.),$ecreator.
=245  10$aInternational Brotherhood of Electrical Workers, Local 77 records.
=264  \0$c1905-2003.
=300  \\$a14$fcubic feet$a(14 boxes)
=336  \\$atext$btxt$2rdacontent
=337  \\$aunmediated$bn$2rdamedia
=338  \\$asheet$bnb$2rdacarrier
=351  \\$aSeries I. Meeting minutes, 1897-1988 (subseries are organized by Local 77 units); series II: Contacts, 1936-2003.
=386  \\$aAmericans$aWashingtonians (Washington State)$2lcdgt
=386  \\$aOregonians$aIdahoans
=500  \\$aForms part of the Labor Archives of Washington.
=520  2\$aMinute books (1905-96), and contract files (1936-2003).
=545  1\$aOn August 28, 1897, IBEW Local 77 was granted their charter. Local 77 is one of the largest IBEW Local Unions within the United States, representing the State of Washington, parts of Idaho, and Montana. Their membership represents a variety of classifications within the electrical industry, including Journeyman Linemen, Journeyman Line Clearance Tree Trimmers, Journeyman Metermen, Journeyman Cablesplicers, Power Dispatchers, Customer Service Representatives, Call Center Responders, Protection Relay System Operators, Journeyman Substation Wiremen, and Journeyman Hydro Operators, and more.
=506  \\$aOpen to all users.
=540  \\$aCreator's literary rights transferred to the University of Washington Libraries.
=541  \\$cReceived:$dDecember 11, 2007.
=546  \\$aCollection materials are in English.
=610  20$aInternational Brotherhood of Electrical Workers.$bLocal 77 (Seattle, Wash.)$vArchives.
=650  \0$aElectric industry workers$xLabor unions$zWashington (State)$xArchives.
=650  \0$aElectricians$xLabor unions$zWashington (State)$xArchives.
=650  \0$aElectric industry workers$xLabor unions$zOregon$xArchives.
=650  \0$aElectricians$xLabor unions$zOregon$xArchives.
=650  \0$aElectric industry workers$xLabor unions$zIdaho$xArchives.
=650  \0$aElectricians$xLabor unions$zIdaho$xArchives.
=650  \0$aLabor$zWashington (State)$xHistory$vSources.
=650  \0$aLabor unions$zWashington (State)$xHistory$vSources.
=650  \0$aLabor movement$zWashington (State)$xHistory$vSources.
=650  \0$aLabor$zOregon$xHistory$vSources.
=650  \0$aLabor unions$zOregon$xHistory$vSources.
=650  \0$aLabor movement$zOregon$xHistory$vSources.
=650  \0$aLabor$zIdaho$xHistory$vSources.
=650  \0$aLabor unions$zIdaho$xHistory$vSources.
=650  \0$aLabor movement$zIdaho$xHistory$vSources.
=650  \6$aIndustries électriques$0(CaQQLa)201-0094078$xPersonnel$0(CaQQLa)201-0094078$xSyndicats$0(CaQQLa)201-0094078$zWashington (État)$0(CaQQLa)201-0395184$xArchives.$0(CaQQLa)201-0378363
=650  \6$aÉlectriciens$0(CaQQLa)201-0102092$xSyndicats$0(CaQQLa)201-0102092$zWashington (État)$0(CaQQLa)201-0395184$xArchives.$0(CaQQLa)201-0378363
=650  \6$aIndustries électriques$0(CaQQLa)201-0094078$xPersonnel$0(CaQQLa)201-0094078$xSyndicats$0(CaQQLa)201-0094078$zOregon$0(CaQQLa)201-0460845$xArchives.$0(CaQQLa)201-0378363
=650  \6$aÉlectriciens$0(CaQQLa)201-0102092$xSyndicats$0(CaQQLa)201-0102092$zOregon$0(CaQQLa)201-0460845$xArchives.$0(CaQQLa)201-0378363
=650  \6$aIndustries électriques$0(CaQQLa)201-0094078$xPersonnel$0(CaQQLa)201-0094078$xSyndicats$0(CaQQLa)201-0094078$zIdaho$0(CaQQLa)201-0460795$xArchives.$0(CaQQLa)201-0378363
=650  \6$aÉlectriciens$0(CaQQLa)201-0102092$xSyndicats$0(CaQQLa)201-0102092$zIdaho$0(CaQQLa)201-0460795$xArchives.$0(CaQQLa)201-0378363
=650  \6$aTravail$0(CaQQLa)201-0093408$zWashington (État)$0(CaQQLa)201-0395184$xHistoire$0(CaQQLa)201-0382350$vSources.$0(CaQQLa)201-0382350
=650  \6$aSyndicats$0(CaQQLa)201-0007001$zWashington (État)$0(CaQQLa)201-0395184$xHistoire$0(CaQQLa)201-0382350$vSources.$0(CaQQLa)201-0382350
=650  \6$aMouvement ouvrier$0(CaQQLa)201-0078721$zWashington (État)$0(CaQQLa)201-0395184$xHistoire$0(CaQQLa)201-0382350$vSources.$0(CaQQLa)201-0382350
=650  \6$aTravail$0(CaQQLa)201-0093408$zOregon$0(CaQQLa)201-0460845$xHistoire$0(CaQQLa)201-0382350$vSources.$0(CaQQLa)201-0382350
=650  \6$aSyndicats$0(CaQQLa)201-0007001$zOregon$0(CaQQLa)201-0460845$xHistoire$0(CaQQLa)201-0382350$vSources.$0(CaQQLa)201-0382350
=650  \6$aMouvement ouvrier$0(CaQQLa)201-0078721$zOregon$0(CaQQLa)201-0460845$xHistoire$0(CaQQLa)201-0382350$vSources.$0(CaQQLa)201-0382350
=650  \6$aTravail$0(CaQQLa)201-0093408$zIdaho$0(CaQQLa)201-0460795$xHistoire$0(CaQQLa)201-0382350$vSources.$0(CaQQLa)201-0382350
=650  \6$aSyndicats$0(CaQQLa)201-0007001$zIdaho$0(CaQQLa)201-0460795$xHistoire$0(CaQQLa)201-0382350$vSources.$0(CaQQLa)201-0382350
=650  \6$aMouvement ouvrier$0(CaQQLa)201-0078721$zIdaho$0(CaQQLa)201-0460795$xHistoire$0(CaQQLa)201-0382350$vSources.$0(CaQQLa)201-0382350
=650  \7$aElectric industry workers$xLabor unions.$2fast$0(OCoLC)fst00904958
=650  \7$aElectricians$xLabor unions.$2fast$0(OCoLC)fst00906245
=650  \7$aLabor.$2fast$0(OCoLC)fst00989798
=650  \7$aLabor movement.$2fast$0(OCoLC)fst00990079
=650  \7$aLabor unions.$2fast$0(OCoLC)fst00990260
=651  \7$aIdaho.$2fast$0(OCoLC)fst01211709
=651  \7$aOregon.$2fast$0(OCoLC)fst01204579
=651  \7$aWashington (State)$2fast$0(OCoLC)fst01204703
=655  \7$amembership lists.$2aat$0(CStmoGRI)aatgf300027141
=655  \7$aminutes (administrative records)$2aat$0(CStmoGRI)aatgf300027440
=655  \7$aminute books.$2aat$0(CStmoGRI)aatgf300135375
=655  \7$acollective labor agreements.$2aat$0(CStmoGRI)aatgf300027630
=655  \7$acontracts.$2aat$0(CStmoGRI)aatgf300027649
=655  \7$aArchives.$2fast$0(OCoLC)fst01423700
=655  \7$aCollective labor agreements.$2fast$0(OCoLC)fst01774247
=655  \7$aContracts.$2fast$0(OCoLC)fst01774255
=655  \7$aHistory.$2fast$0(OCoLC)fst01411628
=655  \7$aMinutes (Records)$2fast$0(OCoLC)fst01919940
=655  \7$aSources.$2fast$0(OCoLC)fst01423900
=655  \7$aMinutes (Records)$2lcgft
=655  \7$aCollective labor agreements.$2lcgft
=655  \7$aContracts.$2lcgft
=655  \7$aRegistres des membres.$2rvmgf$0(CaQQLa)RVMGF-000001718
=655  \7$aProcès-verbaux.$2rvmgf$0(CaQQLa)RVMGF-000001222
=655  \7$aConventions collectives.$2rvmgf$0(CaQQLa)RVMGF-000001475
=655  \7$aContrats.$2rvmgf$0(CaQQLa)RVMGF-000001473
=710  2\$aLabor Archives of Washington,$ecurator.
=856  42$uhttp://archiveswest.orbiscascade.org/ark:/80444/xv05703$zConnect to the finding aid for this collection
=049  \\$aWAUW

