=LDR  02924cpc a22005411a 4500
=001  28410755
=008  880802i19501970wau\\\\\\\\\\\\\\\\\eng\d
=005  20230512130847.5
=010  \\$a   88797820 
=040  \\$aWAU$beng$eappm$cWAU$dDLC$dOCL$dOCLCQ$dNUCMC$dWAU$dOCLCF$dOCLCO$dWAU
=043  \\$an-us-ca
=110  2\$aInternational Brotherhood of Teamsters, Chauffeurs, Warehousemen, and Helpers of America.
=245  00$aInternational Brotherhood of Teamsters, Chauffeurs, Warehousemen, and Helpers of America records,$f1950-1970;$g(bulk 1959-1969).
=300  \\$a2.83 cubic feet (4 boxes)
=500  \\$aThe material described in this catalog record is located in the collections of the University of Washington Libraries (Seattle).
=520  8\$aCorrespondence, hearing transcripts and case files. Files are of Jack Goldberger, general organizer for the Teamsters, based in San Francisco. Correspondence is with Teamster headquarters and locals, mainly in California and the Southwest.
=650  \0$aLabor unions$xOrganizing.
=650  \0$aExpress service$xEmployees$xLabor unions.
=650  \0$aTransport workers$xLabor unions.
=650  \0$aAutomobile drivers$xLabor unions.
=650  \0$aTruck drivers$xLabor unions.
=650  \0$aAutomobile drivers$zCalifornia.
=650  \0$aExpress service$zCalifornia.
=650  \0$aTransport workers$zCalifornia.
=650  \0$aTruck drivers$zCalifornia.
=651  \4$aSan Francisco (Calif.)$xLabor.
=651  \4$aCalifornia$xLabor.
=650  \6$aSyndicalisation.$0(CaQQLa)201-0121736
=650  \6$aTravailleurs des transports$xSyndicats.$0(CaQQLa)201-0074328
=650  \6$aCamionneurs$xSyndicats.$0(CaQQLa)201-0312832
=650  \6$aAutomobilistes$0(CaQQLa)201-0002818$zCalifornie.$0(CaQQLa)201-0460772
=650  \6$aMessageries$0(CaQQLa)201-0037174$zCalifornie.$0(CaQQLa)201-0460772
=650  \6$aTravailleurs des transports$0(CaQQLa)201-0025706$zCalifornie.$0(CaQQLa)201-0460772
=650  \6$aCamionneurs$0(CaQQLa)201-0003962$zCalifornie.$0(CaQQLa)201-0460772
=650  \7$aAutomobile drivers.$2fast$0(OCoLC)fst00822850
=650  \7$aAutomobile drivers$xLabor unions.$2fast$0(OCoLC)fst00822863
=650  \7$aExpress service.$2fast$0(OCoLC)fst00918867
=650  \7$aExpress service$xEmployees$xLabor unions.$2fast$0(OCoLC)fst00918871
=650  \7$aLabor unions$xOrganizing.$2fast$0(OCoLC)fst00990296
=650  \7$aTransport workers.$2fast$0(OCoLC)fst01154995
=650  \7$aTransport workers$xLabor unions.$2fast$0(OCoLC)fst01155003
=650  \7$aTruck drivers.$2fast$0(OCoLC)fst01157609
=650  \7$aTruck drivers$xLabor unions.$2fast$0(OCoLC)fst01157619
=651  \7$aCalifornia.$2fast$0(OCoLC)fst01204928
=700  1\$aGoldberger, Jack.
=851  \\$aUniversity of Washington Libraries$e(Seattle).
=856  42$uhttps://archiveswest.orbiscascade.org/ark:80444/xv30999$zConnect to the online finding aid for this collection
=049  \\$aWAUW

