=LDR  03179cpcaa2200481 i 4500
=001  1321079606
=008  220527i18891961wau\\\\\\\\\\\\\\\\\eng\d
=005  20221018164333.1
=040  \\$aWAU$beng$erda$edacs$cWAU$dWAU$dOCLCF$dWAU
=046  \\$o1889$p1961$2edtf
=110  2\$aInternational Iron Molders and Foundry Workers Union.$bLocal 180 (Tacoma, Wash.),$ecreator
=245  10$aInternational Union of Iron Molders and Foundry Workers, Local 180 records.
=264  \0$c1889-1961.
=300  \\$a5.83$fcubic feet$a(7 boxes plus two oversize folders)
=336  \\$atext$btxt$2rdacontent
=337  \\$aunmediated$bn$2rdamedia
=338  \\$asheet$bnb$2rdacarrier
=545  1\$aThe international union that would become the International Iron Molders and Foundry Workers Union began as the International Molders and Allied Workers Union (IMU) in 1860. A national union had been formed in 1859 but transformed into the IMU in 1860. The IMU help cofound the American Federation of Labor (AFL) in 1886. The organization changed its name to the International Molders and Foundry Workers Union of North America in 1934 to reflect a more industrial rather than a craft organizing model. The union became the International Molders and Allied Workers Union in 1961. lMU membership reached a peak of 70,000 after World War II. The Tacoma local of the union, which dates from 1889, merged into the International Association of Machinists.
=520  2\$aOrganizational records from the Tacoma local of the International Union of Iron Molders and Foundry Workers. This collection includes financial ledgers, meeting minutes, monthly reports, and treasurer's account books of IUIMFW Local 180 as well as Local 530. Also includes an organizational charter and signs.
=506  \\$aNo restrictions on access.
=540  \\$aCreator's copyrights transferred to the University of Washington Libraries Special Collections.
=541  \\$aDonated by Steve Conway.
=546  \\$aCollection materials are in English.
=610  20$aInternational Iron Molders and Foundry Workers Union.$bLocal 180 (Tacoma, Wash.),$vArchives.
=650  \0$aLabor unions$zWashington (State)$zTacoma$xHistory$vSources.
=650  \0$aLabor$zWashington (State)$zTacoma.
=650  \0$aLabor movement$zWashington (State)$zTacoma.
=650  \7$aLabor.$2fast$0(OCoLC)fst00989798
=650  \7$aLabor movement.$2fast$0(OCoLC)fst00990079
=650  \7$aLabor unions.$2fast$0(OCoLC)fst00990260
=651  \7$aWashington (State)$zTacoma.$2fast$0(OCoLC)fst01205636
=655  \7$aFinancial records.$2aat
=655  \7$aLedgers (Account books).$2aat
=655  \7$aArchives.$2fast$0(OCoLC)fst01423700
=655  \7$aCharters and articles of incorporation.$2fast$0(OCoLC)fst01774239
=655  \7$aHistory.$2fast$0(OCoLC)fst01411628
=655  \7$aMinutes (Records)$2fast$0(OCoLC)fst01919940
=655  \7$aSources.$2fast$0(OCoLC)fst01423900
=655  \7$aMinutes (Records)$2lcgft
=655  \7$aCharters and articles of incorporation.$2lcgft
=710  2\$aLabor Archives of Washington.
=856  42$uhttp://archiveswest.orbiscascade.org/ark:/80444/xv104540$zConnect to the finding aid for this collection
=049  \\$aWAUW

