=LDR  04724cpc a22006497a 4500
=001  28410889
=008  880802i19351981wau\\\\\\\\\\\\\\\\\eng\d
=005  20230628160821.3
=010  \\$a   88797832 
=040  \\$aWAU$beng$edacs$cWAU$dDLC$dOCL$dOCLCQ$dNUCMC$dWAU$dOCLCA$dOCLCF$dOCL$dOCLCO$dOCLCQ$dWAU
=043  \\$an-us-wa
=110  2\$aInternational Longshoremen's and Warehousemen's Union.$bFishermen and Allied Workers Division.$bLocal 3 (Seattle, Wash.)
=245  10$aInternational Longshoremen's and Warehousemen's Union Fishermen and Allied Workers Division, Local 3 records,$f1935-1981.
=300  \\$a12.94 cubic feet.
=545  1\$aUnion composed of several dozen local units. Two predecessors of the Longshoremen's and Warehousemen's union were the United Fishermen's Union of the Pacific, Puget Sound District, and International Fishermen and Allied Workers of America, Pacific District, Local 3 (IFAWA). The IFAWA includes about 15 small local unions as well as larger member unions such as the Alaska Fishermen's Unions .The IFAWA merged with ILWU in 1950. It was active with external organizations such as the Maritime Federation of the Pacific.
=520  2\$aCorrespondence, minutes, negotiations, agreements, and related papers of this large union representing several dozen local units. Includes records of three main predecessor organizations: United Fishermen's Union of the Pacific Puget Sound District; International Fishermen and Allied Workers of America. Pacific District. Local 3.; and the main body of the accession, the Longshoremen's Union records. Major correspondent is Joseph F. Jurich.
=506  \\$aOpen to all users, but access to portions of the papers restricted. Contact repository for details.
=540  \\$aLiterary rights of representatives of the records-creating organization transferred to the University of Washington Libraries.
=541  \\$aDonated by Robert Quaring, 1/20/1983.
=555  0\$aFinding aid available in the repository and on the World Wide Web.
=600  10$aJurich, Joseph F.$vCorrespondence.
=650  \0$aCollective labor agreements$xFisheries.
=650  \0$aCollective labor agreements$zWashington (State)
=650  \0$aCollective bargaining$xFisheries.
=650  \0$aCollective bargaining$zWashington (State)
=650  \0$aFishers$xLabor unions$zWashington (State)
=650  \0$aStevedores$xLabor unions$zWashington (State)
=650  \0$aTransport workers$xLabor unions$zWashington (State)
=650  \0$aTransport workers$zWashington (State)
=650  \0$aFishers$zWashington (State)
=650  \0$aStevedores$zWashington (State)
=650  \6$aConventions collectives$xPêches.$0(CaQQLa)201-0039377
=650  \6$aNégociations collectives$xPêches.$0(CaQQLa)201-0297432
=650  \6$aNégociations collectives$0(CaQQLa)201-0029860$zWashington (État)$0(CaQQLa)201-0395184
=650  \6$aPêcheurs$0(CaQQLa)201-0053825$xSyndicats$0(CaQQLa)201-0053825$zWashington (État)$0(CaQQLa)201-0395184
=650  \6$aDébardeurs$0(CaQQLa)201-0055413$xSyndicats$0(CaQQLa)201-0055413$zWashington (État)$0(CaQQLa)201-0395184
=650  \6$aTravailleurs des transports$0(CaQQLa)201-0074328$xSyndicats$0(CaQQLa)201-0074328$zWashington (État)$0(CaQQLa)201-0395184
=650  \6$aTravailleurs des transports$0(CaQQLa)201-0025706$zWashington (État)$0(CaQQLa)201-0395184
=650  \6$aPêcheurs$0(CaQQLa)201-0039378$zWashington (État)$0(CaQQLa)201-0395184
=650  \6$aDébardeurs$0(CaQQLa)201-0055246$zWashington (État)$0(CaQQLa)201-0395184
=600  17$aJurich, Joseph F.$2fast$0(OCoLC)fst00211668
=650  \7$aCollective bargaining.$2fast$0(OCoLC)fst00867190
=650  \7$aCollective bargaining$xFisheries.$2fast$0(OCoLC)fst00867245
=650  \7$aCollective labor agreements.$2fast$0(OCoLC)fst00867391
=650  \7$aCollective labor agreements$xFisheries.$2fast$0(OCoLC)fst00867453
=650  \7$aFishers.$2fast$0(OCoLC)fst00926174
=650  \7$aFishers$xLabor unions.$2fast$0(OCoLC)fst00926185
=650  \7$aStevedores.$2fast$0(OCoLC)fst01133295
=650  \7$aStevedores$xLabor unions.$2fast$0(OCoLC)fst01133303
=650  \7$aTransport workers.$2fast$0(OCoLC)fst01154995
=650  \7$aTransport workers$xLabor unions.$2fast$0(OCoLC)fst01155003
=651  \7$aWashington (State)$2fast$0(OCoLC)fst01204703
=655  \7$aPersonal correspondence.$2fast$0(OCoLC)fst01919948
=710  2\$aInternational Fishermen and Allied Workers of America.$bPacific District.$bLocal 3 (Seattle, Wash.)
=710  2\$aUnited Fishermen's Union of the Pacific.$bPuget Sound District.
=856  42$uhttps://archiveswest.orbiscascade.org/ark:80444/xv08712$zConnect to the online finding aid for this collection.
=049  \\$aWAUW

