=LDR  05285cpcaa2200661Ia 4500
=001  74814483
=008  061101i19331988xx\\\\\\\\\\\\\\\\\\eng\d
=005  20230628161121.5
=040  \\$aWAU$beng$edacs$cWAU$dOCLCQ$dOCLCA$dOCLCF$dOCLCO$dWAU$dOCLCO$dWAU
=043  \\$an-us-wa$an------
=110  2\$aInternational Longshoremen's and Warehousemen's Union.$bLocal 1 (Raymond, Wash.)
=245  10$aInternational Longshoremen's and Warehousemen's Union Local 1 records,$f1933-1988.
=300  \\$a4.58 cubic feet (5$fboxes)
=351  \\$aThe records are arranged in three series: 1. Organizational files; 2. Willapa Harbor Longshoremen's Benevolent Association; 3. Pacific Coast Pensioner's Association.
=545  1\$aIn 1937 the International Longshoremen's Association Local 38-92 became the International Longshoremen's and Warehousemen's Union (ILWU) Local 1, the first Congress of Industrial Organizations (CIO) local of the ILWU chartered in the state of Washington. ILWU Local 1 was based in Raymond, Washington (on Willapa Bay), and existed until it merged with Aberdeen Local 24 in 1976.
=520  2\$aThese records provide an important early record of CIO (Congress of Industrial Organizations) unions in the region. Included are records of ILWU Local 1, minutes of other Washington locals' labor relations committees, and records of two benevolent associations -- the Willapa Harbor Longshoremen's Benevolent Association and the Pacific Coast Pensioner's Association -- that were intended to provide union workers with accident or retirement benefits. Individuals represented in the papers include ILWU Local 1 secretary Ralph W. Stark and Norman A. Mattson. The records consist of minutes, correspondence, election material, newsletters, contracts and agreements, financial documents, conference and convention materials, publications, memorabilia, and ephemera.
=506  \\$aThe records are open to all users.
=540  \\$aThe literary rights of the representatives of the records-creating organization have been transferred to the University of Washington Libraries.
=541  \\$aGift of Jack Spurrell of Raymond, Washington, July 1991.
=544  \\$nTwo color photographs were relocated to the visual materials collections in the Special Collections division of the University of Washington Libraries in 1993.
=544  \\$nTwo bound volumes of the tabloid ILWU newsletter, The Dispatcher, 1945 and 1959, were transferred to the Microform and Newspaper Collections in the University of Washington Libraries in 1991.
=555  0\$aA finding aid to the records is available in the Special Collections division of the University of Washington Libraries and on the World Wide Web.
=555  0\$aInformation about the photographs that form part of this collection is available in the Special Collections division, University of Washington Libraries.
=561  \\$aThe records apparently were transferred to Aberdeen, Washington, when Local 1 and Aberdeen Local 24 merged in 1976. They were returned to Raymond, Washington, in 1988.
=524  \\$aInternational Longshoremen's and Warehousemen's Union Local 1 records. Special Collections, University of Washington Libraries, Seattle, Washington.
=610  20$aInternational Longshoremen's and Warehousemen's Union.$bLocal 1 (Raymond, Wash.)$vArchives.
=600  10$aMattson, Norman A.
=600  10$aStark, Ralph W.
=610  20$aWillapa Harbor Longshoremen's Benevolent Association.
=650  \0$aStevedores$xLabor unions$zWashington (State)
=650  \0$aStevedores$xLabor unions$zWashington (State)$zRaymond.
=650  \0$aIndustrial relations$zWashington (State)
=650  \0$aFraternal organizations$zPacific Coast (U.S.)
=650  \6$aDébardeurs$0(CaQQLa)201-0055413$xSyndicats$0(CaQQLa)201-0055413$zWashington (État)$0(CaQQLa)201-0395184
=650  \6$aRelations industrielles$0(CaQQLa)201-0007402$zWashington (État)$0(CaQQLa)201-0395184
=650  \6$aSociétés d'aide mutuelle$0(CaQQLa)201-0046552$zPacifique, Côte du (États-Unis)$0(CaQQLa)201-0407794
=650  \7$aFraternal organizations.$2fast$0(OCoLC)fst01430375
=650  \7$aIndustrial relations.$2fast$0(OCoLC)fst00971609
=650  \7$aStevedores$xLabor unions.$2fast$0(OCoLC)fst01133303
=651  \7$aUnited States$zPacific Coast.$2fast$0(OCoLC)fst01243522
=651  \7$aWashington (State)$2fast$0(OCoLC)fst01204703
=651  \7$aWashington (State)$zRaymond.$2fast$0(OCoLC)fst01289266
=655  \0$aRoll calls.
=655  \7$aMinutes.$2aat
=655  \7$acorrespondence.$2aat$0(CStmoGRI)aatgf300026877
=655  \7$aConferences.$2aat
=655  \7$aEphemera.$2aat
=655  \7$amemorabilia.$2aat$0(CStmoGRI)aatgf300028884
=655  \7$adaybooks.$2aat$0(CStmoGRI)aatgf300027489
=655  \7$anews bulletins.$2aat$0(CStmoGRI)aatgf300026435
=655  \7$anewsletters.$2aat$0(CStmoGRI)aatgf300026652
=655  \7$aArchives.$2fast$0(OCoLC)fst01423700
=655  \7$aNewsletters.$2fast$0(OCoLC)fst01919943
=655  \7$aNewsletters.$2lcgft
=655  \7$aLettres d'informations.$2rvmgf$0(CaQQLa)RVMGF-000001104
=710  2\$aLabor Archives of Washington,$ecurator.
=856  42$uhttps://archiveswest.orbiscascade.org/ark:80444/xv28402$zConnect to the online finding aid for this collection
=049  \\$aWAUW

