=LDR  03361cpcaa2200613 i 4500
=001  913834769
=008  150715i19351990wau\\\\\\\\\\\\\\\\\eng\d
=005  20220529035124.1
=040  \\$aWAU$beng$edacs$erda$cWAU$dWAU$dOCLCF$dWAU$dOCLCO$dWAU$dOCLCO
=046  \\$o1935$p1990$2edtf
=110  2\$aInternational Longshoremen's and Warehousemen's Union.$bLocal 9,$ecreator.
=245  10$aInternational Longshoremen's and Warehousemen's Union Local 9 records.
=264  \0$c1935-1990.
=300  \\$a13.04$fcubic feet$a(14 boxes)
=336  \\$atext$btxt$2rdacontent
=337  \\$aunmediated$bn$2rdamedia
=338  \\$asheet$bnb$2rdacarrier
=545  1\$aInternational Longshore and Warehouse Union, Local 9 is a local union that represents port workers at Seattle-Tacoma International aiport. A part of their jurisdiction was formerly Port of Seattle warehouses, but by the late 2000s, those contracts were no longer in place.
=520  2\$aMinutes, corrspondence, subject files, financial records, picket signs, and voting box from local union elections.
=506  \\$aOpen to all users, but access to portions of the papers restricted. Contact Special Collections for details.
=540  \\$aCreator's literary rights transferred to the University of Washington Libraries.
=541  \\$cAcquired from:$aMike Pavelic,$d2013.
=500  \\$aForms part of the Labor Archives of Washington.
=610  20$aInternational Longshoremen's and Warehousemen's Union.$bLocal 9$vArchives.
=650  \0$aLabor unions$zWashington (State)$xHistory$vSources.
=650  \6$aSyndicats$0(CaQQLa)201-0007001$zWashington (État)$0(CaQQLa)201-0395184$xHistoire$0(CaQQLa)201-0382350$vSources.$0(CaQQLa)201-0382350
=650  \7$aLabor unions.$2fast$0(OCoLC)fst00990260
=651  \7$aWashington (State)$2fast$0(OCoLC)fst01204703
=655  \7$aledgers (account books)$2aat$0(CStmoGRI)aatgf300027496
=655  \7$afinancial records.$2aat$0(CStmoGRI)aatgf300027473
=655  \7$apicket signs.$2aat$0(CStmoGRI)aatgf300256404
=655  \7$acommercial correspondence.$2aat$0(CStmoGRI)aatgf300026914
=655  \7$aminute books.$2aat$0(CStmoGRI)aatgf300135375
=655  \7$aminutes (administrative records)$2aat$0(CStmoGRI)aatgf300027440
=655  \7$aphotographs.$2aat$0(CStmoGRI)aatgf300046300
=655  \7$aprinted ephemera.$2aat$0(CStmoGRI)aatgf300264821
=655  \7$aArchives.$2fast$0(OCoLC)fst01423700
=655  \7$aBusiness correspondence.$2fast$0(OCoLC)fst01919897
=655  \7$aEphemera.$2fast$0(OCoLC)fst01919921
=655  \7$aHistory.$2fast$0(OCoLC)fst01411628
=655  \7$aMinutes (Records)$2fast$0(OCoLC)fst01919940
=655  \7$aPhotographs.$2fast$0(OCoLC)fst01423689
=655  \7$aSources.$2fast$0(OCoLC)fst01423900
=655  \7$aBusiness correspondence.$2lcgft
=655  \7$aMinutes (Records)$2lcgft
=655  \7$aPhotographs.$2lcgft
=655  \7$aEphemera.$2lcgft
=655  \7$aCorrespondance commerciale.$2rvmgf$0(CaQQLa)RVMGF-000001162
=655  \7$aProcès-verbaux.$2rvmgf$0(CaQQLa)RVMGF-000001222
=655  \7$aPhotographies.$2rvmgf$0(CaQQLa)RVMGF-000001676
=655  \7$aDocuments éphémères.$2rvmgf$0(CaQQLa)RVMGF-000001046
=710  2\$aLabor Archives of Washington,$ecurator.
=856  42$uhttp://archiveswest.orbiscascade.org/ark:/80444/xv19238$zConnect to the online finding aid for this collection
=049  \\$aWAUW

