=LDR  02029cpc a22004331a 4500
=001  28411426
=008  881213i19541966wau\\\\\\\\\\\\\\\\\eng\d
=005  20220410175216.3
=010  \\$a   88798970 
=040  \\$aWAU$beng$eappm$cWAU$dDLC$dOCL$dOCLCQ$dNUCMC$dWAU$dOCLCF$dOCLCA$dWAU$dOCLCO
=043  \\$an-us-wa
=110  2\$aInternational Organization of Masters, Mates, and Pilots.$bLocal 6.
=245  00$aInternational Organization of Masters, Mates, and Pilots, Local 6 records,$f1954-1966.
=300  \\$a0.90 cubic feet (3 boxes)
=506  \\$aOpen to all users. Some records stored offsite; advance notice required for use.
=545  \\$aSeamen's union in Seattle, Wash.
=520  8\$aConstitution, bylaws, rules, regulations, and convention proceedings.
=561  \\$aAcquired 1972.
=650  \0$aCongresses and conventions.
=650  \0$aMerchant mariners$xLabor unions$zWashington (State)
=650  \0$aMerchant mariners$zWashington (State)
=651  \4$aWashington (State)$xLabor.
=651  \4$aSeattle (Wash.)$xLabor.
=651  \4$aWashington (State)$xTransportation.
=651  \4$aSeattle (Wash.)$xTransportation.
=650  \6$aCongrès et conférences.$0(CaQQLa)201-0047818
=650  \6$aMarins (Marine marchande)$0(CaQQLa)201-0087528$xSyndicats$0(CaQQLa)201-0087528$zWashington (État)$0(CaQQLa)201-0395184
=650  \6$aMarins (Marine marchande)$0(CaQQLa)201-0023145$zWashington (État)$0(CaQQLa)201-0395184
=650  \7$aconferences.$2aat$0(CStmoGRI)aat300054789
=650  \7$aCongresses and conventions.$2fast$0(OCoLC)fst00875219
=650  \7$aMerchant mariners.$2fast$0(OCoLC)fst01017001
=650  \7$aMerchant mariners$xLabor unions.$2fast$0(OCoLC)fst01017015
=651  \7$aWashington (State)$2fast$0(OCoLC)fst01204703
=655  \7$aBylaws.$2ftamc
=655  \7$aConstitutions.$2ftamc
=655  \7$aRegulations.$2ftamc
=740  0\$aacc1874-001
=856  42$uhttp://archiveswest.orbiscascade.org/ark:/80444/xv90060/$zConnect to the online finding aid for this collection
=049  \\$aWAUW

