=LDR  02728cpcaa2200385 i 4500
=001  123952626
=008  070503i19261937wau\\\\\\\\\\\\\\\\\eng\d
=005  20230719175526.2
=040  \\$aWAU$beng$erda$cWAU$dWAU$dOCLCQ$dWAU
=043  \\$an-us---
=046  \\$o1890$p1982$2edtf
=110  2\$aInternational Typographical Union,$ecreator.
=245  10$aInternational Typographical Union records,$f1890-1982.
=264  \0$c1890-1982.
=300  \\$a.17 cubic foot (2 folders)
=336  \\$atext$btxt$2rdacontent
=337  \\$aunmediated$bn$2rdamedia
=338  \\$asheet$bnb$2rdacarrier
=386  \\$aAmericans$aWashingtonians (Washington State)$2lcdgt
=500  \\$aForms a part of the Labor Archives of Washington.
=520  2\$aCharters for Local #142 (Olympia), 1890; for Local # 355 (New Whatcom, later Bellingham), 1899; for Local #699 (Bremerton), 1912; for Local #99 (Seattle/Tacoma), 1974. Accession also includes convention programs of the ITU conventions in Seattle in 1929 and 1982, and a statement and article about the proposed Taft-Hartley Act, 1948 and 1949.
=541  1\$aDonated by CWA/The Newspaper Guild, 10/21/1999.
=545  \\$aThe International Typographical Union was founded on May 5, 1852 in Cincinnati, Ohio and was the oldest union in the United States to continuously operate into the late 20th century. Originally titled the National Typographical Union, the organization became the ITU in 1869 after entering into an affiliation with Canadian printing trade unions. The ITU was at the forefront of progressive initiatives within the labor movement, lobbying for an eight hour work day and condemning Sunday work. In 1987, members of the ITU approved affiliation with the Communication Workers of America. After the merger was completed, the CWA created a new Printing, Publishing and Media Workers (PPMWS) Sector in recognition of the distinct nature of the work these union members perform.
=610  20$aInternational Typographical Union$vArchives.
=610  20$aInternational Typographical Union$vCharters.
=610  20$aInternational Typographical Union$vCongresses.
=650  \0$aPrinting industry$xEmployees$xLabor unions.
=655  \7$aCharters and articles of incorporation.$2lcgft
=655  \7$aConference materials.$2lcgft
=655  \7$aRecords (Documents)$2lcgft
=710  2\$aLabor Archives of Washington,$ecurator.
=740  0\$aAcc5370-001.
=856  42$uhttps://archiveswest.orbiscascade.org/ark:80444/xv80072$zConnect to the online finding aid for this collection.$70
=856  42$uhttp://digitalcollections.lib.washington.edu/cdm/search/searchterm/5370-001/field/all/mode/exact/conn/and/order/title$zView selections from this collection in digital format.
=049  \\$aWAUW

