=LDR  01740cpc a22003491a 4500
=001  28409316
=008  880809i18831977wau\\\\\\\\\\\\\\\\\eng\d
=005  20220608143426.0
=010  \\$a   88797704 
=040  \\$aWAU$beng$eappm$cWAU$dDLC$dOCL$dOCLCQ$dNUCMC$dWAU$dOCLCF$dOCLCO$dOCLCA$dOCLCO
=043  \\$an-us-wa
=110  2\$aInternational Typographical Union.$bLocal 99 (Seattle, Wash.)
=245  00$kRecords,$f1883-1977.
=300  \\$a91.5 ft.
=545  \\$aFormed 1974 by merger of locals in Seattle, Tacoma, Bremerton, and Olympia, Wash.
=520  8\$aCorrespondence, minutes, financial records, subject files, contracts, and court papers.
=555  8\$aFinding aid in the repository.
=650  \0$aPrinting industry$xEmployees$xLabor unions$zWashington (State)
=650  \0$aPrinting industry$zWashington (State)
=651  \4$aWashington (State)$xLabor.
=651  \4$aSeattle (Wash.)$xLabor.
=651  \4$aTacoma (Wash.)$xLabor.
=651  \4$aBremerton (Wash.)$xLabor.
=651  \4$aOlympia (Wash.)$xLabor.
=650  \6$aIndustries graphiques$0(CaQQLa)201-0053814$xPersonnel$0(CaQQLa)201-0053814$xSyndicats$0(CaQQLa)201-0053814$zWashington (État)$0(CaQQLa)201-0395184
=650  \6$aIndustries graphiques$0(CaQQLa)201-0007305$zWashington (État)$0(CaQQLa)201-0395184
=650  \7$aPrinting industry.$2fast$0(OCoLC)fst01076685
=650  \7$aPrinting industry$xEmployees$xLabor unions.$2fast$0(OCoLC)fst01076698
=651  \7$aWashington (State)$2fast$0(OCoLC)fst01204703
=851  \\$aUniversity of Washington Libraries$e(Seattle).
=856  42$uhttp://digital.lib.washington.edu/findingaids/permalink/TypographicalUnionInternationalLocal99Northwest3178/$zConnect to the online finding aid for this collection.
=049  \\$aWAUW

