=LDR  06357cpcaa22006977a 4500
=001  28411436
=008  881213i19331971wau\\\\\\\\\\\\\\\\\eng\d
=005  20230628162142.5
=010  \\$a   88798971 
=040  \\$aWAU$beng$edacs$cWAU$dDLC$dOCL$dOCLCQ$dWAU$dOCLCQ$dWAU$dOCLCA$dOCLCQ$dOCLCF$dOCLCO$dOCLCA$dOCLCO$dOCLCQ$dWAU
=043  \\$an-us-wa
=110  2\$aInternational Union of Mine, Mill, and Smelter Workers.$bLocal 25 (Tacoma, Wash.)
=245  10$aInternational Union of Mine, Mill and Smelter Workers, Local 25 records,$f1933-1971$g(bulk 1955-1965).
=300  \\$a3.61 cubic ft. (4$fboxes and 1 oversize vertical folder)
=351  \\$aThe materials are arranged in five subgroups: 1. Administrative Records of Local 25, 1933-1971; 2. International Union of Mine, Mill and Smelter Workers, Local 25, Ladies' Auxiliary, 1949-1952; 3. International Union of Mine, Mill and Smelter Workers, Local 25, Workmen's Safety Committee of the Tacoma Smelter, 1944-1968; 4. Workmen's Hospital and Benefit Committee of the Tacoma Smelter International Union of Mine, Mill and Smelter Workers, 1948-1965.
=545  1\$aOrganized in 1933 by workers at the Tacoma Smelter of the American Smelting and Refining Company, Local 25 of the International Union of Mine, Mill, and Smelter Workers frequently adopted the militant stance of its parent union. The Tacoma Smelter, located on Commencement Bay in the company town of Ruston, Washington, had been in existence since 1889. It was founded by William R. Rust as the Tacoma Smelting and Refining Company, and began operating in 1890 to smelt and refine lead, By 1912, the facility had been converted to a copper smelter and refinery. The International Union of Mine, Mill and Smelter Workers (formerly the Western Federation of Miners) had been formed in 1916; in 1967, it merged with the United Steelworkers of America. Local 25 continued with the United Steelworkers of America following this merger.
=520  2\$aThe International Union of Mine, Mill and Smelter Workers, Local 25 records consist primarily of Local 25's administrative records and include materials relating to grievances and negotiations, arbitration of several grievances, agreements with the Tacoma Smelter, and Local 25's newsletter, The Straight of It. Most of the material in the collection dates from before the merger of the International Union of Mine, Mill and Smelter Workers with the United Steelworkers of America. There is minimal documentation of a strike in 1946 and a lockout in 1950, and a more significant amount of material relating to a lockout and extended work stoppage in 1959. Major correspondents include John Caughlan (Local 25's attorney) and several executive officers, including: John Clarke, Irving Dichter, William E. Lee, Elmer Olson, and Al Skinner.
=506  \\$aAccess restricted: For terms of access, contact repository. Records are stored off site; advance notice required for use.
=540  \\$aCreator's literary rights not transferred to the University of Washington Libraries.
=541  \\$aGift of the United Steelworkers Union, Local 25, via Rodger Vandegrift in 1971.
=544  \\$dSee also International Union of Mine, Mill, and Smelter Workers Union in the$aArchives, University of Colorado at Boulder Libraries.
=555  0\$aFinding aid available in the repository and on the World Wide Web.
=524  \\$aInternational Union of Mine, Mill and Smelter Workers, Local 25 Records, Special Collections Division, University of Washington Libraries.
=610  20$aInternational Union of Mine, Mill, and Smelter Workers.$bLocal 25 (Tacoma, Wash.)$vArchives.
=600  10$aCaughlan, John,$d1909-1999.
=610  20$aUnited Steelworkers of America.$bLocal 25 (Tacoma, Wash.)
=650  \0$aMetal-workers$xLabor unions$zWashington (State)$zTacoma$vArchives.
=650  \0$aCollective bargaining$xMetal-workers$zWashington (State)$zTacoma.
=650  \0$aLabor movement$zWashington (State)$zTacoma.
=650  \0$aMetal-workers$xEmployees$xLabor unions$zWashington (State)$zTacoma.
=650  \0$aMineral industries$xEmployees$xLabor unions$zWashington (State)$zTacoma.
=650  \0$aStrikes and lockouts$zWashington (State)$zTacoma.
=651  \0$aTacoma (Wash.)$xEconomic conditions.
=600  14$aClark, John.
=600  14$aDichter, Irving.
=600  14$aLee, William E.
=600  14$aOlsen, Elmer W.
=600  14$aSkinner, A. C.$q(Al C.)
=650  \6$aTravailleurs des métaux$0(CaQQLa)201-0053812$xSyndicats$0(CaQQLa)201-0053812$zWashington (État)$0(CaQQLa)201-0394825$zTacoma$0(CaQQLa)201-0394825$vArchives.$0(CaQQLa)201-0378256
=650  \6$aNégociations collectives$0(CaQQLa)201-0282476$xTravailleurs des métaux$0(CaQQLa)201-0282476$zWashington (État)$0(CaQQLa)201-0394825$zTacoma.$0(CaQQLa)201-0394825
=650  \6$aMouvement ouvrier$0(CaQQLa)201-0078721$zWashington (État)$0(CaQQLa)201-0394825$zTacoma.$0(CaQQLa)201-0394825
=650  \6$aTravailleurs des métaux$0(CaQQLa)201-0014656$xPersonnel$0(CaQQLa)201-0380431$xSyndicats$0(CaQQLa)201-0378916$zWashington (État)$0(CaQQLa)201-0394825$zTacoma.$0(CaQQLa)201-0394825
=650  \6$aGrèves et lock-out$0(CaQQLa)201-0003270$zWashington (État)$0(CaQQLa)201-0394825$zTacoma.$0(CaQQLa)201-0394825
=600  17$aCaughlan, John,$d1909-1999.$2fast$0(OCoLC)fst00205644
=650  \7$aCollective bargaining$xMetal-workers.$2fast$0(OCoLC)fst00867283
=650  \7$aEconomic history.$2fast$0(OCoLC)fst00901974
=650  \7$aLabor movement.$2fast$0(OCoLC)fst00990079
=650  \7$aMetal-workers$xLabor unions.$2fast$0(OCoLC)fst01017843
=650  \7$aStrikes and lockouts.$2fast$0(OCoLC)fst01135030
=651  \7$aWashington (State)$zTacoma.$2fast$0(OCoLC)fst01205636
=655  \7$aadministrative records.$2aat$0(CStmoGRI)aatgf300027425
=655  \7$aagreements.$2aat$0(CStmoGRI)aatgf300027628
=655  \7$anews bulletins.$2aat$0(CStmoGRI)aatgf300026435
=655  \7$anewsletters.$2aat$0(CStmoGRI)aatgf300026652
=655  \7$aArchives.$2fast$0(OCoLC)fst01423700
=655  \7$aNewsletters.$2fast$0(OCoLC)fst01919943
=655  \7$aNewsletters.$2lcgft
=655  \7$aLettres d'informations.$2rvmgf$0(CaQQLa)RVMGF-000001104
=740  0\$aAcc1608-001.
=856  42$uhttps://archiveswest.orbiscascade.org/ark:80444/xv43472$zConnect to the online finding aid for this collection.
=049  \\$aWAUW

