=LDR  00948cpcaa22002057a 4500
=001  123953371
=008  070503i19361987xx\\\\\\\\\\\\\\\\\\eng\d
=005  20230628162255.7
=040  \\$aWAU$beng$cWAU$dWAU$dOCLCO$dOCLCQ$dWAU
=110  2\$aInternational Woodworkers of America.
=245  10$aInternational Woodworkers of America records,$f1936-1987.
=300  \\$aapproximately 15.21 cubic ft.
=520  2\$aMinutes, financial records, other.
=506  \\$aAccess may be restricted. Contact Special Collections for details.
=540  \\$aSome restrictions exist on duplication, quotation, or publication. Contact the repository for details.
=500  \\$aProcessing levels vary. Contact the repository for details.
=555  0\$aFinding aid available in the repository and on the World Wide Web.
=740  0\$aAcc4000-001.
=856  42$uhttps://archiveswest.orbiscascade.org/ark:80444/xv87374$zConnect to the online finding aid for this collection.
=049  \\$aWAUW

