=LDR  06084cpc a22007451a 4500
=001  28408853
=008  881109i19361987wau\\\\\\\\\\\\\\\\\eng\d
=005  20230628165009.8
=010  \\$a   88798784 $bms 87001392 
=040  \\$aWaU$beng$edacs$cDLC$dWAU$dOCLCQ$dOCLCG$dNUCMC$dWAU$dOCLCA$dOCLCO$dOCLCA$dOCLCF$dOCL$dWAU$dOCLCO$dWAU
=043  \\$an-us-wa$an-us---
=110  2\$aInternational Woodworkers of America.$bLocal 3-101 (Everett, Wash.)
=245  10$aInternational Woodworkers of America Local 3-101 records,$f1936-1987.
=300  \\$aApproximately 23 cubic feet.
=545  1\$aAFL-CIO labor union representing mill and timber workers. The Woodworkers of America was established in 1940 as a CIO union in Everett, Washington. From 1940 Local 101 represented workers in the Everett Weyerhaeuser mills and Eclipse Lumber Company. Unions which merged with Local 101 were other members active in the Snohomish Industrial Union Council (SIUC), local coordinating arm of the CIO. Local 18 of Cannery Workers' branch of the International Fishermen and Allied Workers of America, was also a member of the SIUC. Other local unions that merged with it included branches from Anacortes, Bellingham, Sedro Woolley, and Sultan, Washington. When Districts 2 and 3 of the union merged in 1953, the Everett local's designation changed from 2-101 to 23-101; in 1959 it became Local 3-101.
=520  2\$aCorrespondence (1940-1976), minutes (1944-1958), negotiations (1940-1969), strike materials (1950-1962), agreements (1940-1969); resolutions (1941-1955), membership records (1944-1961), financial records (1941-1976), court papers (1954-1962), case files (1942-1979), reports (1941-1973), conference and convention materials (1943-1963), shop committee minutes, and ephemera, relating to the local, its predecessors, and the locals that merged with it, including unions in Anacortes, Bellingham, Sedro Woolley, and Sultan, Washington. Includes reports, convention proceedings, related publications and executive board minutes of district councils in northern and western Washington. Subgroups of papers relate to Karly Larsen Defense Committee (1953), for the assistance of a union official tried under the Smith Act; Pete Nelson Defense Committee (1949-1951), Snohomish County Industrial Union Council (1939-1951); and its affiliate, International Fishermen and Allied Workers of America, Cannery Local 18, Everett, Washington. Correspondents include addition to IWA affiliates, Congress of Industrial Organizations, Washington State CIO, U.S. National Labor Relations Board, U.S. National War Labor Board, West Coast Lumber Commission, and John Brophy, John Dennee, J.E. Fadling, Karly Larsen, Pete Nelson, and E.W. Taylor.
=506  \\$aOpen to all users, but access to portions of the papers restricted. Contact repository for details.
=540  \\$aCreator's literary rights transferred to the University of Washington Libraries.
=541  \\$aDonated in various installments, 1980-1986.
=555  0\$aFinding aid available in the repository and on the World Wide Web.
=610  20$aInternational Woodworkers of America.$bLocal 3-101 (Everett, Wash.)$vArchives.
=600  10$aBrophy, John,$d1883-1963$vCorrespondence.
=600  10$aDennee, John$vCorrespondence.
=600  10$aFadling, J. E.$vCorrespondence.
=600  10$aLarsen, Karly$vCorrespondence.
=600  10$aNelson, Pete$vCorrespondence.
=600  10$aTaylor, E. W.,$clabor leader$vCorrespondence.
=610  20$aCongress of Industrial Organizations (U.S.)
=610  20$aWashington State CIO.
=610  10$aUnited States.$bNational Labor Relations Board.
=610  10$aUnited States.$bWest Coast Lumber Commission.
=650  \0$aWoodworkers$xLabor unions$zWashington (State)$vArchives.
=650  \0$aLabor unions$zWashington (State)$zEverett.
=650  \0$aTrials (Political crimes and offenses)$zUnited States.
=650  \0$aLabor leaders$zUnited States.
=650  \6$aSyndicats$0(CaQQLa)201-0007001$zWashington (État)$0(CaQQLa)201-0394850$zEverett.$0(CaQQLa)201-0394850
=650  \6$aProcès (Crimes et délits politiques)$0(CaQQLa)201-0030107$zÉtats-Unis.$0(CaQQLa)201-0407727
=650  \6$aDirigeants syndicaux$zÉtats-Unis.$0(CaQQLa)201-0235822
=600  17$aBrophy, John,$d1883-1963.$2fast$0(OCoLC)fst00194095
=600  17$aDennee, John.$2fast$0(OCoLC)fst00238409
=600  17$aFadling, J. E.$2fast$0(OCoLC)fst00238407
=600  17$aLarsen, Karly.$2fast$0(OCoLC)fst00209025
=600  17$aNelson, Pete.$2fast$0(OCoLC)fst00503750
=600  17$aTaylor, E. W.,$clabor leader.$2fast$0(OCoLC)fst00238366
=610  27$aCongress of Industrial Organizations (U.S.)$2fast$0(OCoLC)fst00546250
=610  17$aUnited States.$bNational Labor Relations Board.$2fast$0(OCoLC)fst00530430
=610  17$aUnited States.$bWest Coast Lumber Commission.$2fast$0(OCoLC)fst00641224
=610  27$aWashington State CIO.$2fast$0(OCoLC)fst00641247
=650  \7$aLabor leaders.$2fast$0(OCoLC)fst00990029
=650  \7$aLabor unions.$2fast$0(OCoLC)fst00990260
=650  \7$aTrials (Political crimes and offenses)$2fast$0(OCoLC)fst01156388
=650  \7$aWoodworkers$xLabor unions.$2fast$0(OCoLC)fst01179915
=651  \7$aUnited States.$2fast$0(OCoLC)fst01204155
=651  \7$aWashington (State)$2fast$0(OCoLC)fst01204703
=651  \7$aWashington (State)$zEverett.$2fast$0(OCoLC)fst01213637
=655  \7$aArchives.$2fast$0(OCoLC)fst01423700
=655  \7$aPersonal correspondence.$2fast$0(OCoLC)fst01919948
=710  2\$aSnohomish County Industrial Union Council (Everett, Wash.)
=710  2\$aKarly Larsen Defense Committee (Everett, Wash.)
=710  2\$aPete Nelson Defense Committee (Everett, Wash.)
=710  2\$aInternational Fishermen and Allied Workers of America.$bCannery Workers Local 18 (Everett, Wash.)
=710  2\$aUnited Fishermen's Union of the Pacific.$bCannery Workers Local 18 (Everett, Wash.)
=740  0\$aacc3120-002
=856  42$uhttps://archiveswest.orbiscascade.org/ark:80444/xv48974$zConnect to the online finding aid for this collection.
=049  \\$aWAUW

