=LDR  10010cpcaa2200733 i 4500
=001  1371467584
=008  230301i19122018wau\\\\\\\\\\\\\\\\\eng\d
=005  20230419112613.3
=040  \\$aWAU$beng$erda$edacs$cWAU$dWAU$dOCLCF
=043  \\$an-us-wa$an-us---
=046  \\$o1912$p2018$2edtf
=100  1\$aJohnson, Jeff$q(Jeffrey George),$d1951-$ecreator.
=245  10$aJeff Johnson papers.
=264  \0$c1912-2018 (bulk 1986-2018).
=300  \\$a32.52 cubic feet (30 boxes)
=336  \\$atext$btxt$2rdacontent
=337  \\$aunmediated$bn$2rdamedia
=338  \\$asheet$bnb$2rdacarrier
=351  \\$aArranged in 6 series: Series I. Labor issues and legislation, 1912-2017. Subseries A: Legislation, General, 1975-2015, Bulk 1992-2015, Subseries B: Child Labor, 1985-1997, Bulk 1990-1997, Subseries C: Healthcare, 1995-2017, Subseries D: Lobbying, 1994-2005, Bulk 1998-2005, Subseries E: Minimum Wage, 1979-2014, Bulk 1987-2005, Subseries F: Tax Reform, 1994-2016, Bulk 1994-2006, Subseries G: Trade, 1986-2014. Bulk 1995-2005, Subseries H: Workers' Compensation, 1912-2017, Bulk 1995-2011, Subseries I: Unemployment, 1983-2011, Bulk 1993-2011, Subseries J: Subject Files: Labor Issues, 1972-2009, Bulk 1987-2006 -- Series II. Publications and media, 1932-2013. Subseries A: Washington State Labor Council Publications, 1992-2008, Bulk 1992-2005, Subseries B: Publications by Other Entities, 1932-2013, Bulk 1971-2013 -- Series III, Labor summer school, 1981-1997 -- Series IV, Reports of the Special Assistant to the President, 1941-2012 -- Series V, Office and Professional Eployees International Union Organizing Committee Files, 1977-2014 -- Series VI, Johnson's presidential files, 1947-2018. Subseries A: Correspondence, 2011-2017, Subseries B: Subject Files: Committees, Boards, and Issues, 1994-2017, Bulk 2011-2016, Subseries C: Climate Issues, 2010-2017, Bulk 2011-2012, Subseries D: WSLC Conventions, Resolutions, Meetings, 2003-2018, Bulk 2011-2018, Subseries E: Subject Files: Labor Issues, 1947-2017, Bulk 2010-2017.
=386  \\$aAmericans$aNew Yorkers (New York State)$aWashingtonians (Washington State)$aSeattleites$2lcdgt
=500  \\$aForms a part of the Labor Archives of Washington.
=520  \\$aThis collection contains Jeff Johnson's professional files from his 32 year career at the Washington State Labor Council (WSLC). There is a large amount of news articles, research materials, and legislation related to labor issues spearheaded by Johnson including workers' compensation, unemployment benefits, minimum wage, worker privacy, job training, child labor, healthcare, farmworker issues, and "green" jobs. There are also files relating to coalitions with other organizations, including CASA Latina and Puget Sound Advocates for Retirement Action (PSARA), as well as lobbying groups and Political Action Committees (PAC's) that the WSLC was involved in. In addition, this collection contains files from Johnson's involvement in the Office and Professional Employees International Union (OPEIU), Local 8.
=545  0\$aJeffrey George Johnson was born in Long Island, New York, in 1951. Jeff Johnson earned his B.A. in political science from Georgetown University and his M.A. and A.B.D. in political economy from the New School for Social Research. At Georgetown University he became involved in Civil Rights and anti-Vietnam War movements. Johnson began his union career in New York, N.Y. as a member of Local 2190 of the American Federation of Teachers (AFT) in 1979. He worked as a teacher of labor economics and labor studies for members of the International Brotherhood of Electrical Workers, Local 3. Johnson also taught classes for the International Ladies Garment Workers Union (ILGWU), Amalgamated Clothing and Textile Workers Union (ACTWU). Johnson taught classes for the National Congress of Neighborhood Women and worked as faculty at the Harry Van Arsdale Center for Labor Studies at State University of New York (SUNY) and the The National Labor College. In 1986, Johnson drove across the country with his wife and began working for the Washington State Labor Council (WSLC) as the Research Director. He also served as the shop steward for the WSLC's unionized employees in the Office and Professional Employees International Union (OPEIU), Local 8 from 1988-1993. Early in his career, Johnson was introduced to Tomas Villanueva, the president of the newly formed United Farm Workers (UFW) in Washington. At the time, farmworkers were not protected by minimum wage, pesticide control, or child labor laws, and they were ineligible for unemployment insurance or workers' compensation. Johnson and Villanueva worked together over a five year period to establish child labor and health and safety protections specifically for farmworkers, and they also ran minimum wage and workers' compensation initiatives. In addition, they launched a lawsuit to include farmworkers in unemployment insurance programs. In 1992, Johnson and Villanueva worked with Chicano activist and lawyer Guadalupe Gamboa and his uncle, a professor at the University of Washington, to write a collective bargaining bill for farmworkers in Washington, modeled after the California Labor Relations Act. In 1993, Johnson became the WSLC's Lead Lobbyist following changes in WSLC leadership due to the election of Mike Lowry as Washington governor. In 1998, he spearheaded another minimum wage initiative, creating a broad coalition of community organizations to back the campaign. Johnson was also involved in the WSLC's work around immigration reform and efforts to connect with the Latino community, including by affiliating with CASA Latina. Johnson assumed the role of Special Assistant to the President in 2008, while remaining the lead lobbyist. In 2010, Johnson was elected president of the WSLC and served two terms before retiring in 2018. During his time as president, Johnson was involved in much of the community outreach and coalition building from before. The WSLC, under his leadership, supported the first campaigns to raise the minimum wage to {dollar}15 per hour, first in SeaTac then in Seattle. He also promoted efforts to address issues of racism in labor and worked with state legislators on climate justice initiatives. Johnson is still active in Puget Sound Advocates for Retirement Action (PSARA), the Board of Labor Network for Sustainability, and other local causes.
=520  2\$aThis collection contains Jeff Johnson's professional files from his 32 year career at the Washington State Labor Council (WSLC). There is a large amount of news articles, research materials, and legislation related to labor issues spearheaded by Johnson including workers' compensation, unemployment benefits, minimum wage, worker privacy, job training, child labor, healthcare, farmworker issues, and "green" jobs. There are also files relating to coalitions with other organizations, including CASA Latina and Puget Sound Advocates for Retirement Action (PSARA), as well as lobbying groups and Political Action Committees (PAC's) that the WSLC was involved in. In addition, this collection contains files from Johnson's involvement in the Office and Professional Employees International Union (OPEIU), Local 8. This collection would be of particular interest to researchers interested in contemporary labor issues, labor legislation, lobbying, farmworker organizing, labor and climate, and the activities of the WSLC.
=506  \\$aAccess to portions of the collection is restricted. No user access copy is available for floppy discs and CDs. Users may be able to obtain a reproduction of the media for a fee. Contact Special Collections for more information.
=540  \\$aCreator's copyrights transferred to the University of Washington Libraries Special Collections.
=541  \\$cDonated by:$aJeff Johnson,$d2022.
=546  \\$aCollection materials are in English.
=600  10$aJohnson, Jeff$q(Jeffrey George),$d1951-$vArchives.
=650  \0$aLabor unions$zWashington (State)$xOfficials and employees$vArchives.
=650  \0$aLabor$zWashington (State)$xHistory$vSources.
=650  \0$aLabor$zUnited States$xHistory$vSources.
=650  \0$aLabor movement$zWashington (State)$xHistory$vSources.
=650  \0$aLabor movement$zUnited States$xHistory$vSources.
=650  \0$aLabor unions$zWashington (State)$xHistory$vSources.
=650  \0$aLabor unions$zUnited States$xHistory$vSources.
=610  20$aAFL-CIO.$bWashington State Labor Council$xHistory$vSources.
=610  20$aOffice and Professional Employees International Union.$bLocal 8$xHistory$vSources.
=610  27$aAFL-CIO.$bWashington State Labor Council.$2fast$0(OCoLC)fst00602885
=650  \7$aLabor.$2fast$0(OCoLC)fst00989798
=650  \7$aLabor movement.$2fast$0(OCoLC)fst00990079
=650  \7$aLabor unions.$2fast$0(OCoLC)fst00990260
=650  \7$aLabor unions$xOfficials and employees.$2fast$0(OCoLC)fst00990289
=651  \7$aUnited States.$2fast$0(OCoLC)fst01204155
=651  \7$aWashington (State)$2fast$0(OCoLC)fst01204703
=655  \7$aResearch notes.$2aat
=655  \7$aNewspaper clippings.$2aat
=655  \7$aPublications (documents).$2aat
=655  \7$aArticles.$2aat
=655  \7$aFiles (document groupings).$2aat
=655  \7$aArchives.$2fast$0(OCoLC)fst01423700
=655  \7$aBusiness correspondence.$2fast$0(OCoLC)fst01919897
=655  \7$aCollective labor agreements.$2fast$0(OCoLC)fst01774247
=655  \7$aEphemera.$2fast$0(OCoLC)fst01919921
=655  \7$aHistory.$2fast$0(OCoLC)fst01411628
=655  \7$aRecords (Documents)$2fast$0(OCoLC)fst01919961
=655  \7$aSources.$2fast$0(OCoLC)fst01423900
=655  \7$aBusiness correspondence.$2lcgft
=655  \7$aRecords (Documents)$2lcgft
=655  \7$aEphemera.$2lcgft
=655  \7$aCollective labor agreements.$2lcgft
=710  2\$aLabor Archives of Washington,$ecurator.
=856  42$uhttp://archiveswest.orbiscascade.org/ark:/80444/xv147587$zConnect to the finding aid for this collection
=049  \\$aWAUW

