=LDR  03275cpc a22005411a 4500
=001  28375519
=008  880708i19081987wau\\\\\\\\\\\\\\\\\eng\d
=005  20220611162708.8
=010  \\$a   88797183 $bms 87001439 
=040  \\$aWaU$eappm$beng$cDLC$dWAU$dNUCMC$dOCLCO$dWAU$dOCLCA$dOCLCF$dWAU$dOCLCA$dOCL$dWAU$dOCLCO
=043  \\$an-us-wa$an-us---
=110  2\$aKing County Nurses Association (King County, Wash.)
=245  10$aKing County Nurses Association records,$f1908-1987.
=300  \\$a28.5 ft.
=545  1\$aThis professional association of registered nurses was established in 1903 as the King County Graduate Nurses Association. It is linked closely on the state and national levels with the Washington State Nurses Association and the American Nurses Association. In 1951, the name was changed to the King County Nurses Association. The Association maintains a registry of its members and makes referrals to hospitals in need of nursing staff. It has also been active in lobbying activities. In the 1950s and possibly the 1960s, Julia O. Crose was director. Margaret Scharnickel was director in the 1970s.
=520  8\$aCorrespondence, minutes, reports, newsletters, legal documents, court papers, and membership and financial records. Includes correspondence from directors Julia O. Crose and Margaret Scharnickel. Other correspondents include Hilke D. Faber, Virginia Kenyon, Alma Ware Miller, and American Nurses' Association.
=506  \\$aAccess partially restricted.
=600  10$aCrose, Julia O.
=600  10$aScharnickel, Margaret.
=600  10$aFaber, Hilke D.$xCorrespondence.
=600  10$aKenyon, Virginia$xCorrespondence.
=600  10$aWare, Alma Miller$xCorrespondence.
=610  20$aAmerican Nurses Association.
=650  \0$aNurses$zWashington (State)
=650  \0$aNurses$zUnited States.
=650  \0$aNursing$xSocieties, etc.
=651  \4$aKing County (Wash.)$xMedical affairs$xNurses and nursing.
=651  \4$aWashington (State)$xMedical affairs$xNurses and nursing.
=651  \4$aWashington (State)$xSocieties, etc.$xNursing.
=651  \4$aKing County (Wash.)$xSocieties, etc.$xNursing.
=650  \6$aInfirmières$0(CaQQLa)201-0014733$zWashington (État)$0(CaQQLa)201-0395184
=650  \6$aInfirmières$zÉtats-Unis.$0(CaQQLa)201-0335543
=600  17$aCrose, Julia O.$2fast$0(OCoLC)fst00211409
=600  17$aFaber, Hilke D.$2fast$0(OCoLC)fst00231979
=600  17$aKenyon, Virginia.$2fast$0(OCoLC)fst00231978
=600  17$aScharnickel, Margaret.$2fast$0(OCoLC)fst00211410
=600  17$aWare, Alma Miller.$2fast$0(OCoLC)fst00231977
=610  27$aAmerican Nurses Association.$2fast$0(OCoLC)fst00548771
=650  \7$aNurses.$2fast$0(OCoLC)fst01041618
=650  \7$aNursing$xSocieties, etc.$2fast$0(OCoLC)fst01041829
=651  \7$aUnited States.$2fast$0(OCoLC)fst01204155
=651  \7$aWashington (State)$2fast$0(OCoLC)fst01204703
=655  \7$aPersonal correspondence.$2fast$0(OCoLC)fst01919948
=655  \7$aNewsletters.$2ftamc
=710  2\$aKing County Graduate Nurses Association (King County, Wash.)
=851  \\$aUniversity of Washington Libraries$c(Seattle)
=856  42$uhttp://archiveswest.orbiscascade.org/ark:/80444/xv39205$zConnect to the online finding aid for this collection
=049  \\$aWAUW

