=LDR  01295cpcaa2200217Ia 4500
=001  899285412
=008  150107i19401999xx\\\\\\\\\\\\\\\\\\eng\d
=005  20230628194921.4
=040  \\$aWAU$beng$cWAU$dWAU$dOCLCO$dOCLCF$dOCLCQ$dOCLCO$dWAU
=100  1\$aLannge, Nils Gustaf Adolf,$d1906-1995.
=245  00$aNils and Evelyn Lannge papers,$fcirca 1940-1999.
=300  \\$a.84 cubic ft.$a(2 boxes)
=545  0\$aNils Gustaf Adolf Lannge was a member of International Longshore and Warehouse Union, Local 10 (San Francisco), a lifelong union activist, and a member of the Communist Party. Lannge was a friend of ILWU President Harry Bridges.
=520  2\$aNewspapers, clippings, correspondence, and personal papers from Nils Lannge membership in the International Longshore and Warehouse Union and the Communist Party.
=506  \\$aOpen to all users.
=540  \\$aCreator's literary rights transferred to the University of Washington Libraries.
=555  0\$aFinding aid available in the repository and on the World Wide Web.
=610  20$aInternational Longshore and Warehouse Union.
=610  27$aInternational Longshore and Warehouse Union.$2fast$0(OCoLC)fst00774149
=856  42$uhttps://archiveswest.orbiscascade.org/ark:80444/xv56430$zConnect to the online finding aid for this collection.
=049  \\$aWAUW

