=LDR  01620cpcaa22001933  4500
=001  123953424
=008  070503i19251982xx\\\\\\\\\\\\\\\\\\eng\d
=005  20230628192826.9
=040  \\$aWAU$beng$cWAU$dWAU$dOCLCQ$dWAU
=100  1\$aLedwich, Leo L.,$d1890-1985.
=245  10$aLeo L. Ledwich papers,$f1925-1982.
=300  \\$a0.63 cubic ft. (2 boxes)
=520  2\$aCorrespondence, minutes, report, petition, financial records, photograph, clippings and ephemera created and collected by Leo Ledwich on his career as an officer in the Seattle local of the Retail Clerks International Protective Association, Local 174 (later PCIPA Local 1001) and as an officer in the Retail Clerks International Union. Also includes an unpublished paper on Ledwich by David Boughton, ca. 1980s.
=506  \\$aAccess may be restricted. Contact Special Collections for details.
=540  \\$aSome restrictions exist on duplication, quotation, or publication. Contact the repository for details.
=545  0\$aIn 1937 Leo Ledwich was Secretary-Treasurer of Retail Clerks International Protective Association, Local 174, in Seattle and a vice president of the Retail Clerks International Protective Association. In that year there was a dispute between a number of locals, organized under the name of New Era Committee, and a faction within the International.
=555  \\$aA finding aid to the papers is available in the Special Collections Division of the University of Washington Libraries and on the World Wide Web.
=856  42$uhttps://archiveswest.orbiscascade.org/ark:80444/xv95315$zConnect to the online finding aid for this collection
=049  \\$aWAUW

