=LDR  01202cpcaa22002053  4500
=001  317722309
=008  090403i19332004xx\\\\\\\\\\\\\\\\\\eng\d
=005  20230628201107.6
=040  \\$aWAU$beng$cWAU$dWAU$dOCLCQ$dWAU
=100  1\$aLelli, Phil,$d1929-2004.
=245  10$aPhil Lelli papers,$f1933-2004$g(bulk 1965-2002).
=300  \\$a10.45 cubic ft. (11 boxes and 1 vertical file)
=520  2\$aCorrespondence, subject files, personal papers, photographs, other materials.
=520  2\$aPapers relate to Lelli's career as a longshoreman, union leader, and President of the Local # 23, International Longshoremen's and Warehousemen's Union (ILWU). Include strike and labor action-related materials, Port Commission correspondence, and related material.
=545  0\$aPhil Lelli (1929-2004) was a longshoreman, union activist, local philanthropist, and President of the Longshoremen's Union Local 23, in Tacoma, Washington.
=506  \\$aOpen to all users.
=540  \\$aCreator's literary rights transferred to the University of Washington Libraries.
=740  0\$aAcc5536-001.
=856  42$uhttps://archiveswest.orbiscascade.org/ark:80444/xv28463$zConnect to the online finding aid for this collection
=049  \\$aWAUW

