=LDR  04954cpcaa2200733 i 4500
=001  862944665
=008  131113i19401982xxu\\\\\\\\\\\\\\\\\eng\d
=005  20220515062103.0
=040  \\$aWAU$beng$erda$edacs$cWAU$dWAU$dOCLCQ$dWAU$dOCLCO$dWAU$dOCLCF$dOCLCO$dWAU$dOCLCO
=041  0\$heng
=046  \\$o1940$p1982$2edtf
=100  1\$aLembcke, Jerry,$d1943-$ecollector.
=245  10$aJerry Lembcke papers.
=264  \0$c1940-1982
=300  \\$a1 cubic foot$f(1 box)
=336  \\$atext$btxt$2rdacontent
=336  \\$astill image$bsti$2rdacontent
=336  \\$aspoken word$bspw$2rdacontent
=337  \\$aunmediated$bn$2rdamedia
=337  \\$aaudio$bs$2rdamedia
=338  \\$asheet$bnb$2rdacarrier
=338  \\$aaudiocassette$bss$2rdacarrier
=545  0\$aJerry Lembcke, born in June 1943, grew up in Northwest Iowa. He was drafted in 1968 and served as a Chaplain's Assistant in Vietnam. He graduated from Augustana College in 1966 with a B.S. degree in mathematics, and in 1978 he earned his Ph.D. in sociology from the University of Oregon. He is Associate Professor Emeritus of Sociology at the College of the Holy Cross in Worcester, Mass. As a sociologist he did extensive research on the International Woodworkers of America, with his PhD thesis "The International Woodworkers of America : An Internal Comparative Study of Two Regions" and a book with William M. Tattam called One Union in Wood.  He is regarded as a nationally recognized expert on the Vietnam War and Vietnam veterans.
=520  2\$aThese records include the Federal Bureau of Investigation files on Karly Larsen and Ralph Nelson; two leaders in the International Woodworkers of America who were investigated on charges of communism and appeared before House Un-American Activities Committee. The files were gathered by Lembcke in his research on the International Woodworkers of America. The Larsen files are photocopies of files Larsen loaned to Lembcke. Another portion of the collection is comprised of audiocassettes of oral history interviews from Lembcke's research on the IWU in the late 1970s. In addition, the collection contains transcriptions, interview notes, and indexes to these interviews.
=506  \\$aOpen to all users.
=540  \\$aThe rights of individuals represented in this collection have not been transferred to the University of Washington Libraries. Contact Special Collections for terms of use.
=600  10$aLembcke, Jerry,$d1943-$vArchives.
=600  10$aLarsen, Karly$vSources.
=600  10$aNelson, Ralph$c(Labor union member)$vSources.
=610  20$aInternational Woodworkers of America$xHistory$vSources.
=610  10$aUnited States.$bCongress.$bHouse.$bCommittee on Un-American Activities$xHistory$vSources.
=650  \0$aLabor leaders$zUnited States$xHistory$vSources.
=650  \0$aLabor union members$zUnited States$xHistory$vSources.
=650  \0$aLabor union members$zUnited States$vInterviews.
=650  \6$aDirigeants syndicaux$0(CaQQLa)201-0235822$zÉtats-Unis$0(CaQQLa)201-0235822$xHistoire$0(CaQQLa)201-0382350$vSources.$0(CaQQLa)201-0382350
=650  \6$aSyndiqués$0(CaQQLa)201-0329286$zÉtats-Unis$0(CaQQLa)201-0329286$xHistoire$0(CaQQLa)201-0382350$vSources.$0(CaQQLa)201-0382350
=650  \6$aSyndiqués$0(CaQQLa)201-0329286$zÉtats-Unis$0(CaQQLa)201-0329286$vEntretiens.$0(CaQQLa)201-0378030
=600  17$aLarsen, Karly.$2fast$0(OCoLC)fst00209025
=610  27$aInternational Woodworkers of America.$2fast$0(OCoLC)fst00515482
=610  17$aUnited States.$bCongress.$bHouse.$bCommittee on Un-American Activities.$2fast$0(OCoLC)fst00544557
=650  \7$aLabor leaders.$2fast$0(OCoLC)fst00990029
=650  \7$aLabor union members.$2fast$0(OCoLC)fst00990256
=651  \7$aUnited States.$2fast$0(OCoLC)fst01204155
=655  \2$aInterview$0(DNLM)D017203
=655  \7$aresearch notes.$2aat$0(CStmoGRI)aatgf300265639
=655  \7$aFacsimiles$2aat
=655  \7$afiles (document groupings)$2aat$0(CStmoGRI)aatgf300026942
=655  \7$atranscripts.$2aat$0(CStmoGRI)aatgf300027388
=655  \7$ainterviews.$2aat$0(CStmoGRI)aatgf300026392
=655  \7$aoral histories (literary works)$2aat$0(CStmoGRI)aatgf300202595
=655  \7$aArchives.$2fast$0(OCoLC)fst01423700
=655  \7$aHistory.$2fast$0(OCoLC)fst01411628
=655  \7$aInterviews.$2fast$0(OCoLC)fst01423832
=655  \7$aOral histories.$2fast$0(OCoLC)fst01726295
=655  \7$aRecords (Documents)$2fast$0(OCoLC)fst01919961
=655  \7$aSources.$2fast$0(OCoLC)fst01423900
=655  \7$aRecords (Documents)$2lcgft
=655  \7$aInterviews.$2lcgft
=655  \7$aOral histories.$2lcgft
=655  \7$aDocuments administratifs.$2rvmgf$0(CaQQLa)RVMGF-000001054
=655  \7$aInterviews.$2rvmgf$0(CaQQLa)RVMGF-000000446
=655  \7$aHistoires orales.$2rvmgf$0(CaQQLa)RVMGF-000312406
=856  42$uhttp://archiveswest.orbiscascade.org/ark:/80444/xv64782$zConnect to the finding aid for this collection
=049  \\$aWAUW

