=LDR  01492cpcaa22001813  4500
=001  123953288
=008  070503i19141963xx\\\\\\\\\\\\\\\\\\eng\d
=005  20221228164544.5
=040  \\$aWAU$beng$cWAU$dWAU$dOCLCQ$dWAU
=100  1\$aLoewe, Reinhold,$d1889-1983.
=245  10$aRheinhold Loewe papers,$f1914-1963.
=300  \\$a1.41 cubic ft. (2 boxes)
=520  2\$aScrapbooks, dues books, diaries, notebook; 1916-1953; Convention reports and bills, a certificate, correspondence, photographs, news clippings and ephemera from Loewe's membership in the International Association of Machinists, Hope Lodge 79, role as a convention delegate to the Washington State Federation of Labor Convention in 1954 and 1955, and member of the King County Central Labor Council.
=506  \\$aOpen to all users.
=540  \\$aCreator's literary rights transferred to the University of Washington Libraries.
=545  0\$aRheinhold Loewe joined the Machinists Union, Hope Lodge 79 circa 1909 and served as a page for Samuel Gompers at the 1914 convention and William Green at the 1942 convention, both held in Seattle, Washington. Loewe later became a clerk in the King County Court System. He also served as the Machinists Union Auditor during the 1920's and was an active member of the American Federation of State, County and Municipal Employees.
=856  42$uhttp://www.lib.washington.edu/specialcoll/findaids/docs/papersrecords/LoeweRRheinhold5421.xml$zConnect to the online finding aid for this collection
=049  \\$aWAUW

