=LDR  07860cpcaa22013577i 4500
=001  123954455
=008  070503i18792003wau\\\\\\\\\\\\\\\\\eng\d
=006  innnn\\\\\\\\gt\n\
=006  g000\\\\\\\\\\\\vl
=005  20220415222858.6
=040  \\$aWAU$beng$erda$edacs$cWAU$dWAU$dOCLCQ$dWAU$dOCLCF$dOCLCQ$dOCLCO
=041  0\$heng
=043  \\$an-us-wa$an-us-ca$an-us-or$an-usp--$an-cn-bc
=046  \\$o1879$p2003$2naf
=100  1\$aMagden, Ronald,$ecreator,$ecollector.
=245  10$aRonald Magden papers.
=264  \0$c1879-2003
=300  \\$a28.27 cubic feet$a(34 boxes, includes audiocassettes, videocassettes, DVDs)
=336  \\$atext$btxt$2rdacontent
=336  \\$aspoken word$bspw$2rdacontent
=336  \\$atwo-dimensional moving image$btdi$2rdacontent
=337  \\$aunmediated$bn$2rdamedia
=337  \\$aaudio$bs$2rdamedia
=337  \\$avideo$bv$2rdamedia
=338  \\$asheet$bnb$2rdacarrier
=338  \\$aaudiocassette$bss$2rdacarrier
=338  \\$avideocassette$bvf$2rdacarrier
=338  \\$avideodisc$bvd$2rdacarrier
=351  \\$aArranged in 4 accessions: Accession no. 5185-001, Ronald Magden Collection, approximately 1879-1988 -- Accession no. 5185-002, Ronald Magden Collection, Undated -- Accession no. 5185-003, Ronald Magden Collection, 1930-2003 (bulk: 1971-2003) -- Accession no. 5185-004, Ronald Magden Collection, approximately 1983-1990.
=520  2\$aTranscripts and tape recorded interviews with longshoremen and teamsters. Photocopied minutes, reports, contracts, writings, membership records, clippings and secondary material collected and created by Magden, primarily for his book "A History of Seattle Waterfront Workers" (1998). These records relate especially to the activities of longshore workers and of the International Brotherhood of Teamsters on the West Coast. Some of the collection consists of research materials for Magden's books on Japanese-Americans living in the Pacific Northwest, particularly for his book, "Furusato: Tacoma-Pierce County Japanese 1888-1988."
=541  \\$cDonated by:$aRonald E. Magden,$dJuly 12, 2000; August 17, 2011.
=545  0\$aHistorian, teacher, author, Tacoma, Washington. Magden researched and wrote several books, mainly in partnership with labor organizations in Tacoma and Seattle.
=506  \\$aOpen to all users, but access to portions of the papers restricted. Contact repository for details. Some material stored offsite; advance notice required for use.
=540  \\$aSome restrictions exist on duplication, quotation, or publication. Contact the repository for details.
=500  \\$aProcessing levels vary. Contact the repository for details.
=600  10$aMagden, Ronald$vArchives.
=650  \0$aHistorians$zWashington (State)$zTacoma$vArchives.
=650  \0$aCollege teachers$zWashington (State)$zTacoma$vArchives.
=650  \0$aStevedores$zPacific States$xHistory$vSources.
=650  \0$aLabor unions$zPacific States$xHistory$vSources.
=650  \0$aLabor union members$zPacific States$vInterviews.
=610  20$aInternational Longshoremen's and Warehousemen's Union$xHistory$vSources.
=610  20$aInternational Brotherhood of Teamsters$xHistory$vSources.
=650  \0$aJapanese Americans$zNorthwest, Pacific$xHistory$vSources.
=651  \0$aTacoma (Wash.)$xHistory$vSources.
=650  \6$aDébardeurs$0(CaQQLa)201-0055246$zÉtats du Pacifique (États-Unis)$0(CaQQLa)201-0407719$xHistoire$0(CaQQLa)201-0382350$vSources.$0(CaQQLa)201-0382350
=650  \6$aSyndicats$0(CaQQLa)201-0007001$zÉtats du Pacifique (États-Unis)$0(CaQQLa)201-0407719$xHistoire$0(CaQQLa)201-0382350$vSources.$0(CaQQLa)201-0382350
=650  \6$aSyndiqués$0(CaQQLa)201-0268551$zÉtats du Pacifique (États-Unis)$0(CaQQLa)201-0407719$vEntretiens.$0(CaQQLa)201-0378030
=610  27$aInternational Brotherhood of Teamsters.$2fast$0(OCoLC)fst00628335
=610  27$aInternational Longshoremen's and Warehousemen's Union.$2fast$0(OCoLC)fst00535607
=650  \7$aCollege teachers.$2fast$0(OCoLC)fst00868114
=650  \7$aHistorians.$2fast$0(OCoLC)fst00957686
=650  \7$aJapanese Americans.$2fast$0(OCoLC)fst00981441
=650  \7$aLabor union members.$2fast$0(OCoLC)fst00990256
=650  \7$aLabor unions.$2fast$0(OCoLC)fst00990260
=650  \7$aStevedores.$2fast$0(OCoLC)fst01133295
=651  \7$aPacific Northwest.$2fast$0(OCoLC)fst01242543
=651  \7$aUnited States$zPacific States.$2fast$0(OCoLC)fst01243532
=651  \7$aWashington (State)$zTacoma.$2fast$0(OCoLC)fst01205636
=655  \2$aLetter$0(DNLM)D016422
=655  \2$aInterview$0(DNLM)D017203
=655  \2$aPhotograph$0(DNLM)D059036
=655  \2$aEphemera$0(DNLM)D019502
=655  \2$aPeriodical$0(DNLM)D020492
=655  \7$apublications (documents)$2aat$0(CStmoGRI)aatgf300111999
=655  \7$aresearch notes.$2aat$0(CStmoGRI)aatgf300265639
=655  \7$amanuscripts (documents)$2aat$0(CStmoGRI)aatgf300028569
=655  \7$atranscripts.$2aat$0(CStmoGRI)aatgf300027388
=655  \7$anewspaper clippings.$2aat$0(CStmoGRI)aatgf300429554
=655  \7$amembership lists.$2aat$0(CStmoGRI)aatgf300027141
=655  \7$abusiness records.$2aat$0(CStmoGRI)aatgf300141693
=655  \7$afinancial records.$2aat$0(CStmoGRI)aatgf300027473
=655  \7$anegatives (photographs)$2aat$0(CStmoGRI)aatgf300127173
=655  \7$acommercial correspondence.$2aat$0(CStmoGRI)aatgf300026914
=655  \7$ainterviews.$2aat$0(CStmoGRI)aatgf300026392
=655  \7$aphotographs.$2aat$0(CStmoGRI)aatgf300046300
=655  \7$aprinted ephemera.$2aat$0(CStmoGRI)aatgf300264821
=655  \7$acollective labor agreements.$2aat$0(CStmoGRI)aatgf300027630
=655  \7$aperiodicals.$2aat$0(CStmoGRI)aatgf300026657
=655  \7$aArchives.$2fast$0(OCoLC)fst01423700
=655  \7$aBusiness correspondence.$2fast$0(OCoLC)fst01919897
=655  \7$aCollective labor agreements.$2fast$0(OCoLC)fst01774247
=655  \7$aEphemera.$2fast$0(OCoLC)fst01919921
=655  \7$aHistory.$2fast$0(OCoLC)fst01411628
=655  \7$aInterviews.$2fast$0(OCoLC)fst01423832
=655  \7$aMinutes (Records)$2fast$0(OCoLC)fst01919940
=655  \7$aNewsletters.$2fast$0(OCoLC)fst01919943
=655  \7$aPeriodicals.$2fast$0(OCoLC)fst01411641
=655  \7$aPersonal correspondence.$2fast$0(OCoLC)fst01919948
=655  \7$aPhotographs.$2fast$0(OCoLC)fst01423689
=655  \7$aRecords (Documents)$2fast$0(OCoLC)fst01919961
=655  \7$aSources.$2fast$0(OCoLC)fst01423900
=655  \7$aPersonal correspondence.$2lcgft
=655  \7$aBusiness correspondence.$2lcgft
=655  \7$aRecords (Documents)$2lcgft
=655  \7$aInterviews.$2lcgft
=655  \7$aNewsletters.$2lcgft
=655  \7$aPhotographs.$2lcgft
=655  \7$aEphemera.$2lcgft
=655  \7$aMinutes (Records)$2lcgft
=655  \7$aCollective labor agreements.$2lcgft
=655  \7$aPeriodicals.$2lcgft
=655  \7$aRegistres des membres.$2rvmgf$0(CaQQLa)RVMGF-000001718
=655  \7$aDocuments administratifs.$2rvmgf$0(CaQQLa)RVMGF-000001054
=655  \7$aCorrespondance privée.$2rvmgf$0(CaQQLa)RVMGF-000001056
=655  \7$aCorrespondance commerciale.$2rvmgf$0(CaQQLa)RVMGF-000001162
=655  \7$aInterviews.$2rvmgf$0(CaQQLa)RVMGF-000000446
=655  \7$aLettres d'informations.$2rvmgf$0(CaQQLa)RVMGF-000001104
=655  \7$aPhotographies.$2rvmgf$0(CaQQLa)RVMGF-000001676
=655  \7$aDocuments éphémères.$2rvmgf$0(CaQQLa)RVMGF-000001046
=655  \7$aProcès-verbaux.$2rvmgf$0(CaQQLa)RVMGF-000001222
=655  \7$aConventions collectives.$2rvmgf$0(CaQQLa)RVMGF-000001475
=655  \7$aPériodiques.$2rvmgf$0(CaQQLa)RVMGF-000001105
=700  1\$iContainer of (work):$aMarkholt, Ottilie.$tAgainst the current.$kManuscript.
=856  42$uhttp://archiveswest.orbiscascade.org/ark:/80444/xv25738$zConnect to the finding aid for this collection
=049  \\$aWAUW

