=LDR  07257cpcaa22009137a 4500
=001  48862236
=008  020125i19302000wau\\\\\\\\\\\\\\\\\eng\d
=005  20230115125035.6
=040  \\$aWAU$beng$eappm$cWAU$dOCLCQ$dOCLCO$dWAU$dOCLCA$dOCLCF$dOCLCO$dOCLCA$dWAU$dOCLCO$dWAU$dOCLCQ
=043  \\$an-us-wa
=100  1\$aMaloney, Shaun,$d1911-1999.
=245  00$aShaun Maloney papers,$f1930-2000$g(bulk 1946-1998).
=246  30$aPapers,$f1930-2000$g(bulk 1946-1998)
=300  \\$a37.10 cubic ft.
=545  \\$aUnion leader and activist.
=545  0\$aShaun Maloney was born in Minneapolis in 1911. As a youth, he adopted his stepfather's surname and was known as John (Jack) Severson, reverting to Maloney in about 1936. Influenced by the labor activism and radical politics of his mother and stepfather, Maloney joined the International Workers of the World and was an active Teamsters organizer throughout the Midwest during the 1930s. He became well known for his role on the negotiating committee during the bloody 1934 Teamsters strike in Minneapolis, and he served two years in a Minnesota penitentiary for a charge stemming from later organizing activities. Following his release in 1942, Maloney joined the Merchant Marine. After surviving an attack on his convoy enroute to Russia, he came to San Francisco and then Seattle, from where he worked as a seaman and took an active part in the Sailors' Union of the Pacific (SUP). When he supported union member John Mahoney, who had been expelled from the SUP for questioning the leadership's attempt to break a strike, however, Maloney was also expelled from the SUP. In 1953 Maloney joined the International Longshoremen's and Warehousemen's Union (ILUW) and became active in Seattle's Local 19. During the 1960s and early '70s, Maloney was involved in several disputes and strikes that resulted from the controversial "Mechanization and Modernization" agreement of 1960, and from 1971-1976, he served five terms as the president of Local 19. Maloney retired in 1976 but remained an active figure in organized labor activities both locally and nationally. He died in Seattle in 1999.
=520  2\$aBiographical material, correspondence, minutes, speeches and writings, financial records, ephemera, assorted publications, photographs, tape recorded interviews and other recorded material on 268 audiocassettes and 1 reel-to-reel tape, interview transcripts, 10 VHS videocassettes, clippings, and numerous other materials documenting Maloney's involvement in the West Coast maritime and longshore unions, as well as the broader labor movement, his World War II service in the Merchant Marine, his political philosophy, and his personal life. Organizations described in the papers include the Teamsters, Sailors' Union of the Pacific, the ILWU, and ILUW Local 19. Major correspondents include Farrell Dobbs, Frank Lovell, Asher Harer, fellow Teamsters organizers Lou Miller and Jack Wirth, Minnesota labor activist Dave Riehle, and John Mahoney.
=555  \\$aFinding aid available in the repository.
=600  10$aMaloney, Shaun,$d1911-1999$vArchives.
=600  10$aDobbs, Farrell.
=600  10$aLovell, Frank.
=600  10$aHarer, Asher.
=600  10$aMiller, Louis A.
=600  10$aWirth, Jack.
=600  10$aRiehle, Dave.
=600  10$aMahoney, John A.
=610  20$aSailors' Union of the Pacific.
=610  20$aSailors' Union of the Pacific.$bMahoney Defense Committee.
=610  20$aInternational Brotherhood of Teamsters, Chauffeurs, Warehousemen, and Helpers of America.
=610  20$aInternational Longshoremen's and Warehousemen's Union.
=610  20$aInternational Longshoremen's and Warehousemen's Union.$bLocal 19 (Seattle, Wash.)
=610  20$aSocialist Workers Party.
=650  \0$aLabor leaders$xOfficials and employees$zWashington (State)$zSeattle.
=650  \0$aLabor unions$zUnited States$xOfficials and employees.
=650  \0$aMerchant mariners$xLabor unions$zPacific Coast (U.S.)
=650  \0$aStevedores$xLabor unions$zPacific Coast (U.S.)
=650  \0$aLabor unions$zUnited States.
=650  \0$aLabor unions$zWashington (State)$zSeattle.
=650  \0$aLabor unions and communism$zUnited States.
=650  \0$aLabor disputes$zPacific Coast (U.S.)
=650  \0$aNaval convoys$xHistory$y20th century.
=650  \6$aDirigeants syndicaux$0(CaQQLa)201-0202520$zWashington (État)$0(CaQQLa)201-0394837$zSeattle$0(CaQQLa)201-0394837$xFonctionnaires.$0(CaQQLa)201-0379377
=650  \6$aSyndicats$0(CaQQLa)201-0053806$zÉtats-Unis$0(CaQQLa)201-0407727$xPersonnel.$0(CaQQLa)201-0053806
=650  \6$aMarins (Marine marchande)$0(CaQQLa)201-0087528$xSyndicats$0(CaQQLa)201-0087528$zPacifique, Côte du (États-Unis)$0(CaQQLa)201-0407794
=650  \6$aDébardeurs$0(CaQQLa)201-0055413$xSyndicats$0(CaQQLa)201-0055413$zPacifique, Côte du (États-Unis)$0(CaQQLa)201-0407794
=650  \6$aSyndicats$0(CaQQLa)201-0007001$zWashington (État)$0(CaQQLa)201-0394837$zSeattle.$0(CaQQLa)201-0394837
=650  \6$aSyndicats et communisme$0(CaQQLa)201-0053853$zÉtats-Unis.$0(CaQQLa)201-0407727
=650  \6$aTravail$0(CaQQLa)201-0054467$xConflits$0(CaQQLa)201-0054467$zPacifique, Côte du (États-Unis)$0(CaQQLa)201-0407794
=650  \6$aConvois (Marine)$0(CaQQLa)201-0039415$xHistoire$0(CaQQLa)201-0378892$y20e siècle.$0(CaQQLa)201-0378892
=600  17$aDobbs, Farrell.$2fast$0(OCoLC)fst00008459
=600  17$aLovell, Frank.$2fast$0(OCoLC)fst00437586
=610  27$aInternational Brotherhood of Teamsters, Chauffeurs, Warehousemen, and Helpers of America.$2fast$0(OCoLC)fst00533114
=610  27$aInternational Longshoremen's and Warehousemen's Union.$2fast$0(OCoLC)fst00535607
=610  27$aSailors' Union of the Pacific.$2fast$0(OCoLC)fst00612583
=610  27$aSocialist Workers Party.$2fast$0(OCoLC)fst00533530
=650  \7$aLabor disputes.$2fast$0(OCoLC)fst00989929
=650  \7$aLabor unions.$2fast$0(OCoLC)fst00990260
=650  \7$aLabor unions and communism.$2fast$0(OCoLC)fst00990319
=650  \7$aLabor unions$xOfficials and employees.$2fast$0(OCoLC)fst00990289
=650  \7$aMerchant mariners$xLabor unions.$2fast$0(OCoLC)fst01017015
=650  \7$aNaval convoys.$2fast$0(OCoLC)fst01034983
=650  \7$aStevedores$xLabor unions.$2fast$0(OCoLC)fst01133303
=651  \7$aUnited States.$2fast$0(OCoLC)fst01204155
=651  \7$aUnited States$zPacific Coast.$2fast$0(OCoLC)fst01243522
=651  \7$aWashington (State)$zSeattle.$2fast$0(OCoLC)fst01204940
=648  \7$a1900-1999$2fast
=655  \0$aVideocassettes.
=655  \7$aphotographs.$2aat$0(CStmoGRI)aatgf300046300
=655  \7$asound recordings.$2aat$0(CStmoGRI)aatgf300028633
=655  \7$aArchives.$2fast$0(OCoLC)fst01423700
=655  \7$aHistory.$2fast$0(OCoLC)fst01411628
=655  \7$aPhotographs.$2fast$0(OCoLC)fst01423689
=655  \7$aSound recordings.$2fast$0(OCoLC)fst01411639
=655  \7$aPhotographs.$2lcgft
=655  \7$aSound recordings.$2lcgft
=655  \7$aPhotographies.$2rvmgf$0(CaQQLa)RVMGF-000001676
=655  \7$aEnregistrements sonores.$2rvmgf$0(CaQQLa)RVMGF-000000201
=856  42$uhttp://archiveswest.orbiscascade.org/ark:/80444/xv03772$zConnect to the online finding aid for this collection
=049  \\$aWAUW

