=LDR  03525cpcaa2200529 i 4500
=001  123949386
=008  070503i19361937xxu\\\\\\\\\\\\\\\\\eng\d
=005  20220526160805.8
=040  \\$aWAU$beng$erda$cWAU$dWAU$dOCLCO$dOCLCQ$dWAU$dOCLCF$dOCLCO$dWAU$dOCLCO
=043  \\$an-us---
=046  \\$o1936$p1937$2edtf
=110  2\$aMaritime Federation of the Pacific Coast,$ecreator.
=245  10$aMaritime Federation of the Pacific Coast convention reports.
=264  \0$c1936-1937
=300  \\$a4 items
=336  \\$atext$btxt$2rdacontent
=337  \\$aunmediated$bn$2rdamedia
=338  \\$asheet$bnb$2rdacarrier
=545  1\$aThe Maritime Federation of the Pacific Coast. more commonly known as the Maritime Federation of the Pacific was an organization representing the interests of longshoremen, seamen, ship cooks and stewards, other various maritime occupations, agricultural and cannery workers in California, Oregon, Washington and Alaska. Following the historic 1934 Pacific Maritime and San Francisco General Strike, labor unions and individuals representing different seafaring and shipping occupations overcame their divisions to form a more cohesive organization. It was established in 1935 when waterfront workers and seamen joined together to further the interests of unionism for all maritime workers on the West Coast.
=520  2\$aConvention reports, Report of San Francisco Bay Area District Council #2.
=506  \\$aAccess may be restricted. Contact Special Collections for details.
=540  \\$aSome restrictions exist on duplication, quotation, or publication. Contact the repository for details.
=500  \\$aProcessing levels vary. Contact the repository for details.
=541  \\$cDonated by:$aWashington State Historical Society,$dOctober 02, 1967.
=610  20$aMaritime Federation of the Pacific Coast$vArchives.
=610  20$aMaritime Federation of the Pacific Coast$xHistory$vSources.
=650  \0$aLabor$zPacific Coast (U.S.)$xHistory$vSources.
=650  \0$aLabor unions$zPacific Coast (U.S.)$xHistory$vSources.
=650  \0$aLabor movement$zPacific Coast (U.S.)$xHistory$vSources.
=650  \6$aTravail$0(CaQQLa)201-0093408$zPacifique, Côte du (États-Unis)$0(CaQQLa)201-0407794$xHistoire$0(CaQQLa)201-0382350$vSources.$0(CaQQLa)201-0382350
=650  \6$aSyndicats$0(CaQQLa)201-0007001$zPacifique, Côte du (États-Unis)$0(CaQQLa)201-0407794$xHistoire$0(CaQQLa)201-0382350$vSources.$0(CaQQLa)201-0382350
=650  \6$aMouvement ouvrier$0(CaQQLa)201-0078721$zPacifique, Côte du (États-Unis)$0(CaQQLa)201-0407794$xHistoire$0(CaQQLa)201-0382350$vSources.$0(CaQQLa)201-0382350
=610  27$aMaritime Federation of the Pacific Coast.$2fast$0(OCoLC)fst00630082
=650  \7$aLabor.$2fast$0(OCoLC)fst00989798
=650  \7$aLabor movement.$2fast$0(OCoLC)fst00990079
=650  \7$aLabor unions.$2fast$0(OCoLC)fst00990260
=651  \7$aUnited States$zPacific Coast.$2fast$0(OCoLC)fst01243522
=655  \7$areports.$2aat$0(CStmoGRI)aatgf300027267
=655  \7$aArchives.$2fast$0(OCoLC)fst01423700
=655  \7$aConference materials.$2fast$0(OCoLC)fst01919904
=655  \7$aHistory.$2fast$0(OCoLC)fst01411628
=655  \7$aSources.$2fast$0(OCoLC)fst01423900
=655  \7$aConference materials.$2lcgft
=655  \7$aDocuments de congrès.$2rvmgf$0(CaQQLa)RVMGF-000001050
=710  2\$aLabor Archives of Washington,$ecurator.
=856  42$uhttps://archiveswest.orbiscascade.org/ark:/80444/xv95367$zConnect to the finding aid for this collection.
=049  \\$aWAUW

