=LDR  03860cpc a2200565 i 4500
=001  1028065541
=008  180309i19412014wau\\\\\\\\\\\\\\\\\eng\d
=005  20230322213807.1
=040  \\$aWAU$beng$erda$edacs$cWAU$dOCLCF$dOCLCQ$dOCLCO$dWAU$dOCLCO$dWAU
=043  \\$an-us-wa
=046  \\$k1941$l2014$2edtf
=100  1\$aMason, Nancy$c(Electrician),$ecreator.
=245  10$aNancy Mason papers.
=264  \0$capproximately 1941-2014.
=300  \\$a8.29$fcubic ft.$a(10 boxes including 12 VHS tapes, and 1 oversize folder)
=336  \\$atext$btxt$2rdacontent
=337  \\$aunmediated$bn$2rdamedia
=338  \\$asheet$bnb$2rdacarrier
=500  \\$aForms a part of the Labor Archives of Washington.
=545  0\$aNancy Mason began her working life as an English and history teacher at Franklin High School in Seattle. In 1979, she made a career change by entering the four-year inside wireman electrical apprenticeship program. In addition to working as a journeyman electrician, Nancy has also served as the Training Director at the Puget Sound Electrical Apprenticeship, as the Apprenticeship Program Manager for the Washington State Department of Labor and Industries, as a labor trustee at the Puget Sound Electrical Joint Apprenticeship Training Committee and as a business representative at IBEW, Local 46. Mason has also been a longtime tradeswoman activist throughout her career, advocating for the importance of apprenticeship for people of color and women to get into the trades and on the importance of apprenticeship as a highly skilled career path; "the other four year degree."
=520  2\$aPrograms, memorandums, studies, reports, correspondence, materials from the Washington State Department of Labor and Industries, Puget Sound Electrical Joint Apprenticeship and Training Committee, and International Brotherhood of Electrical Workers (IBEW).
=506  1\$aClosed until processed.
=540  \\$aCreator's copyrights transferred to the University of Washington Libraries Special Collections.
=600  10$aMason, Nancy$c(Electrician)$vArchives.
=650  \0$aWomen labor union members$zWashington (State)$zSeattle.
=650  \0$aLabor unions$zWashington (State)$zSeattle.
=650  \0$aLabor$zWashington (State)$zSeattle.
=650  \0$aLabor movement$zWashington (State)$zSeattle.
=650  \6$aSyndicats$0(CaQQLa)201-0007001$zWashington (État)$0(CaQQLa)201-0394837$zSeattle.$0(CaQQLa)201-0394837
=650  \6$aTravail$0(CaQQLa)201-0093408$zWashington (État)$0(CaQQLa)201-0394837$zSeattle.$0(CaQQLa)201-0394837
=650  \6$aMouvement ouvrier$0(CaQQLa)201-0078721$zWashington (État)$0(CaQQLa)201-0394837$zSeattle.$0(CaQQLa)201-0394837
=650  \7$aLabor.$2fast$0(OCoLC)fst00989798
=650  \7$aLabor movement.$2fast$0(OCoLC)fst00990079
=650  \7$aLabor unions.$2fast$0(OCoLC)fst00990260
=650  \7$aWomen labor union members.$2fast$0(OCoLC)fst01178089
=651  \7$aWashington (State)$zSeattle.$2fast$0(OCoLC)fst01204940
=655  \7$abusiness records.$2aat$0(CStmoGRI)aatgf300141693
=655  \7$arecords (documents)$2aat$0(CStmoGRI)aatgf300026685
=655  \7$aletters (correspondence)$2aat$0(CStmoGRI)aatgf300026879
=655  \7$apersonal correspondence.$2aat$0(CStmoGRI)aatgf300048730
=655  \7$aArchives.$2fast$0(OCoLC)fst01423700
=655  \7$aPersonal correspondence.$2fast$0(OCoLC)fst01919948
=655  \7$aRecords (Documents)$2fast$0(OCoLC)fst01919961
=655  \7$aRecords (Documents)$2lcgft
=655  \7$aPersonal correspondence.$2lcgft
=655  \7$aDocuments administratifs.$2rvmgf$0(CaQQLa)RVMGF-000001054
=655  \7$aCorrespondance privée.$2rvmgf$0(CaQQLa)RVMGF-000001056
=710  2\$aLabor Archives of Washington,$ecurator.
=856  42$uhttp://archiveswest.orbiscascade.org/ark:/80444/xv283935$zConnect to the online finding aid for this collection.
=049  \\$aWAUW

