=LDR  05547cpcaa22007817i 4500
=001  1125261376
=008  191029i19361977xxu\\\\\\\\\\\\\\\\\eng\d
=005  20220322042333.8
=040  \\$aWAU$beng$erda$edacs$cWAU$dWAU$dOCLCF$dWAU$dOCLCO$dOCLCQ
=043  \\$an-us-or$an-us---
=046  \\$o1936$p1977$2edtf
=100  1\$aMeehan, Matthew,$d1896-1977,$ecreator.
=245  10$aMatthew Meehan scrapbook on maritime labor history.
=264  \0$c1936-1977.
=300  \\$a0.32$fcubic feet$a(1 box)
=336  \\$atext$btxt$2rdacontent
=337  \\$aunmediated$bn$2rdamedia
=338  \\$asheet$bnb$2rdacarrier
=386  \\$aMen$2lcdgt
=386  \\$aAmericans$aOregonians$2lcdgt
=545  0\$aMatthew Meehan (1896-1977) was born in Rhode Island, working in textile factories before going to work as a sailor at the age of 14. Meehan worked as a merchant seaman until 1928, when he came ashore in Portland, Oregon to become a longshore worker. Meehan was the head of the International Longshoremen's Association, Local 38-78 (Portland; later International Longshore and Warehouse Union, Local 8), before and after the 1934 Pacific Coast Maritime Strike. In 1936, Meehan became the editor of the ILA Pacific Coast's newspaper, The Pacific Coast Longshoreman. In 1937, Meehan was elected the first Secretary-Treasurer of the International Longshoremen's and Warehousemen's Union, the international union that formed when the Pacific Coast District of the ILA split from the rest of the ILA and joined the Congress of Industrial Organizations. In 1944, Meehan went to the Hawai'ian Islands to scout its prospects of potential organizing by the ILWU, laying the groundwork for what would become a transformational union drive and ILWU Local 142. In 1957, Meehan was appointed an arbitrator between the ILWU and its employer association, the Pacific Maritime Association. Meehan died at the age of 80 near Mount Hood, Oregon.
=520  2\$aScrapbook of news clippings collected by Matt Meehan on maritime labor issues, especially those involving the International Longshoremen's Association's Pacific Coast District and its successor, the International Longshoremen's and Warehousemen's Union. Additional materials from Meehan's memorial were added by a family member after his death. Loose materials in the scrapbook include some correspondence, convention materials, and biographical sketches of Meehan.
=506  \\$aNo restrictions on access.
=540  \\$aCreator's copyrights transferred to the University of Washington Libraries Special Collections.
=541  \\$cDonated by:$aInternational Longshore and Warehouse Union's Puget Sound Pensioners Association via officer John Fisher.
=546  \\$aCollection materials are in English.
=600  10$aMeehan, Matthew,$d1896-1977$vArchives.
=650  \0$aLabor union members$zOregon$zPortland$vArchives.
=610  20$aInternational Longshoremen's Association.$bPacific Coast District$xHistory$vSources.
=610  20$aInternational Longshoremen's and Warehousemen's Union$xHistory$vSources.
=650  \0$aLabor$zPacific Coast (U.S.)
=650  \0$aLabor unions$zPacific Coast (U.S.)
=650  \0$aLabor movement$zPacific Coast (U.S.)
=650  \6$aSyndiqués$0(CaQQLa)201-0268551$zOregon$0(CaQQLa)201-0469857$zPortland$0(CaQQLa)201-0469857$vArchives.$0(CaQQLa)201-0378256
=650  \6$aTravail$0(CaQQLa)201-0093408$zPacifique, Côte du (États-Unis)$0(CaQQLa)201-0407794
=650  \6$aSyndicats$0(CaQQLa)201-0007001$zPacifique, Côte du (États-Unis)$0(CaQQLa)201-0407794
=650  \6$aMouvement ouvrier$0(CaQQLa)201-0078721$zPacifique, Côte du (États-Unis)$0(CaQQLa)201-0407794
=610  27$aInternational Longshoremen's and Warehousemen's Union.$2fast$0(OCoLC)fst00535607
=610  27$aInternational Longshoremen's Association.$bPacific Coast District.$2fast$0(OCoLC)fst01613046
=650  \7$aLabor.$2fast$0(OCoLC)fst00989798
=650  \7$aLabor movement.$2fast$0(OCoLC)fst00990079
=650  \7$aLabor union members.$2fast$0(OCoLC)fst00990256
=650  \7$aLabor unions.$2fast$0(OCoLC)fst00990260
=651  \7$aOregon$zPortland.$2fast$0(OCoLC)fst01204325
=651  \7$aUnited States$zPacific Coast.$2fast$0(OCoLC)fst01243522
=655  \2$aEphemera$0(DNLM)D019502
=655  \2$aLetter$0(DNLM)D016422
=655  \7$anewspaper clippings.$2aat$0(CStmoGRI)aatgf300429554
=655  \7$ascrapbooks.$2aat$0(CStmoGRI)aatgf300027341
=655  \7$aprinted ephemera.$2aat$0(CStmoGRI)aatgf300264821
=655  \7$acommercial correspondence.$2aat$0(CStmoGRI)aatgf300026914
=655  \7$aAlbums (Books)$2fast$0(OCoLC)fst01726784
=655  \7$aArchives.$2fast$0(OCoLC)fst01423700
=655  \7$aBusiness correspondence.$2fast$0(OCoLC)fst01919897
=655  \7$aEphemera.$2fast$0(OCoLC)fst01919921
=655  \7$aHistory.$2fast$0(OCoLC)fst01411628
=655  \7$aPersonal correspondence.$2fast$0(OCoLC)fst01919948
=655  \7$aSources.$2fast$0(OCoLC)fst01423900
=655  \7$aAlbums (Books)$2lcgft
=655  \7$aEphemera.$2lcgft
=655  \7$aPersonal correspondence.$2lcgft
=655  \7$aBusiness correspondence.$2lcgft
=655  \7$aAlbums personnalisés.$2rvmgf$0(CaQQLa)RVMGF-000001033
=655  \7$aDocuments éphémères.$2rvmgf$0(CaQQLa)RVMGF-000001046
=655  \7$aCorrespondance privée.$2rvmgf$0(CaQQLa)RVMGF-000001056
=655  \7$aCorrespondance commerciale.$2rvmgf$0(CaQQLa)RVMGF-000001162
=856  42$uhttp://archiveswest.orbiscascade.org/ark:/80444/xv927367$zConnect to the finding aid for this collection
=049  \\$aWAUW

