=LDR  03402cpcaa22005897a 4500
=001  28376046
=008  880713i19371959xx\\\\\\\\\\\\\\\\\\eng\d
=005  20230628201006.2
=010  \\$a   88797340 $bms 87001523 
=040  \\$aWaU$beng$edacs$cDLC$dWAU$dOCLCQ$dNUCMC$dOCLCQ$dNUCMC$dWAU$dOCLCA$dOCLCF$dOCL$dOCLCO$dOCLCQ$dWAU
=043  \\$ae-sp---$an-us---
=100  1\$aMendelsohn, Peter Patrick.
=245  10$aPeter Patrick Mendelsohn papers,$f1937-1959.
=300  \\$a2.5 linear feet.
=545  0\$aPeter Patrick Mendelsohn was a member of the Marine Cooks and Stewards Union.
=520  2\$aThe Peter Patrick Mendelsohn papers contain correspondence, trial transcript, and clippings, relating to Mendelsohn's suit against Coast Guard officers who prohibited him from obtaining a Merchant Mariners document in 1957. The collection also includes transcript of hearings before the Seafarers International Union concerning Marine Cooks and Stewards Union (1960) and miscellaneous pamphlets on the labor movement and the Spanish Civil War.
=506  \\$aAccess restricted: For terms of access, contact Special Collections
=540  \\$aCreator's literary rights not transferred to the University of Washington Libraries.
=541  \\$aDonated by Peter P. Mendelsohn, 11/12/1963.
=555  0\$aFinding aid available in the repository and on the World Wide Web.
=600  10$aMendelsohn, Peter Patrick$vArchives.
=610  20$aMarine Cooks and Stewards Union$xTrials, litigation, etc.
=610  20$aSeafarers' International Union of North America$xTrials, litigation, etc.
=610  10$aUnited States.$bCoast Guard$xTrials, litigation, etc.
=650  \0$aFood industry and trade$xEmployees$xLabor unions.
=650  \0$aLabor movement.
=650  \0$aMerchant mariners$xCertification.
=650  \0$aMerchant mariners$xLabor unions.
=651  \0$aSpain$xHistory$yCivil War, 1936-1939.
=650  \6$aAliments$xIndustrie et commerce$xPersonnel$xSyndicats.$0(CaQQLa)201-0162404
=650  \6$aMouvement ouvrier.$0(CaQQLa)201-0078721
=650  \6$aMarins (Marine marchande)$xSyndicats.$0(CaQQLa)201-0087528
=651  \6$aEspagne$xHistoire$y1936-1939 (Guerre civile)$0(CaQQLa)201-0006420
=610  27$aMarine Cooks and Stewards Union.$2fast$0(OCoLC)fst00632535
=610  27$aSeafarers' International Union of North America.$2fast$0(OCoLC)fst00632646
=610  17$aUnited States.$bCoast Guard.$2fast$0(OCoLC)fst00549578
=650  \7$aFood industry and trade$xEmployees$xLabor unions.$2fast$0(OCoLC)fst00930868
=650  \7$aLabor movement.$2fast$0(OCoLC)fst00990079
=650  \7$aMerchant mariners$xCertification.$2fast$0(OCoLC)fst01017005
=650  \7$aMerchant mariners$xLabor unions.$2fast$0(OCoLC)fst01017015
=651  \7$aSpain.$2fast$0(OCoLC)fst01204303
=647  \7$aSpanish Civil War$c(Spain :$d1936-1939)$2fast$0(OCoLC)fst01352321
=648  \7$a1936-1939$2fast
=655  \0$aPamphlets.
=655  \7$acorrespondence.$2aat$0(CStmoGRI)aatgf300026877
=655  \7$atranscripts.$2aat$0(CStmoGRI)aatgf300027388
=655  \7$aArchives.$2fast$0(OCoLC)fst01423700
=655  \7$aHistory.$2fast$0(OCoLC)fst01411628
=655  \7$aPamphlets.$2fast$0(OCoLC)fst01423837
=655  \7$aTrials, litigation, etc.$2fast$0(OCoLC)fst01423712
=856  42$uhttps://archiveswest.orbiscascade.org/ark:80444/xv80630$zConnect to the online finding aid for this collection.
=049  \\$aWAUW

