=LDR  04695cpcaa2200745 i 4500
=001  123949967
=008  070503i19231986wau\\\\\\\\\\\\\\\\\eng\d
=005  20220604015948.6
=040  \\$aWAU$beng$erda$edacs$cWAU$dOCLCG$dWAU$dOCLCQ$dWAU$dOCLCA$dOCLCF$dOCLCQ$dOCLCO$dOCL$dWAU$dOCLCO$dOCL$dOCLCO
=043  \\$an-us-wa
=046  \\$k1923$l1986$2edtf
=100  1\$aMiller, J. L.$q(John Leonard),$ecreator.
=245  10$aJ.L. Miller papers and oral history interview.
=264  \0$c1923-1986.
=300  \\$a4.11 cubic feet (7 boxes plus 2 audiocassettes)
=336  \\$atext$btxt$2rdacontent
=336  \\$aspoken word$bspw$2rdacontent
=337  \\$aunmediated$bn$2rdamedia
=337  \\$aaudio$bs$2rdamedia
=338  \\$asheet$bnb$2rdacarrier
=338  \\$aaudiocassette$bss$2rdacarrier
=520  2\$aOral history interview, biographical features, correspondence, financial records, writings, newsletters, clippings, ephemera, manuscripts. Most of the material concerns the Everett Massacre and Industrial Workers of the World.
=506  0\$aOpen to all users. Some material stored offsite; advance notice required for use.
=540  \\$aConsult the restrictions governing reproduction and use for each of the accessions listed in the finding aid.
=500  \\$aProcessing levels vary. Contact repository for details.
=545  0\$aJohn (Jack) Leonard Miller was born on November 3, 1889 in Dayton, Kentucky. At 12 he left home and traveled around the country hoboing and taking odd jobs. He worked as a coal miner in Danville, Virginia and a harvester in the Midwest. Because of his interest in worker's rights, Miller joined the United Mine Workers while in Virginia. He joined the Socialist Party while he was in Canada and the Industrial Workers of the World (IWW) in 1916. He moved to Seattle in early 1916 and was on board the Verona during the Everett Massacre of November 1916. He married Violet Wilson in 1924. After settling down Miller had a number of jobs and began writing. He continued to rally for workers rights and upon his retirement took up lobbying for fair treatment of senior citizens. In addition, he gave lectures and interviews regarding the Everett Massacre, and wrote short stories. He died at age 96 in 1986 of a heart ailment. He was the last living survivor of the Everett Massacre.
=500  \\$aForms a part of the Labor Archives of Washington.
=600  10$aMiller, J. L.$q(John Leonard)$vArchives.
=600  10$aMiller, J. L.$q(John Leonard)$vInterviews.
=610  20$aIndustrial Workers of the World.
=610  20$aSocialist Party (U.S.)
=650  \0$aLabor unions$zWashington (State)
=650  \0$aLabor union members$zWashington (State)
=650  \0$aLabor$zWashington (State)
=650  \0$aLabor movement$zWashington (State)
=650  \0$aEverett Massacre, Everett, Wash., 1916.
=650  \6$aSyndicats$0(CaQQLa)201-0007001$zWashington (État)$0(CaQQLa)201-0395184
=650  \6$aSyndiqués$0(CaQQLa)201-0268551$zWashington (État)$0(CaQQLa)201-0395184
=650  \6$aTravail$0(CaQQLa)201-0093408$zWashington (État)$0(CaQQLa)201-0395184
=650  \6$aMouvement ouvrier$0(CaQQLa)201-0078721$zWashington (État)$0(CaQQLa)201-0395184
=610  27$aIndustrial Workers of the World.$2fast$0(OCoLC)fst00545991
=610  27$aSocialist Party (U.S.)$2fast$0(OCoLC)fst00546868
=650  \7$aLabor.$2fast$0(OCoLC)fst00989798
=650  \7$aLabor movement.$2fast$0(OCoLC)fst00990079
=650  \7$aLabor union members.$2fast$0(OCoLC)fst00990256
=650  \7$aLabor unions.$2fast$0(OCoLC)fst00990260
=651  \7$aWashington (State)$2fast$0(OCoLC)fst01204703
=651  \7$aWashington (State)$zEverett.$2fast$0(OCoLC)fst01213637
=647  \7$aEverett Massacre$c(Everett, Washington :$d1916)$2fast$0(OCoLC)fst01405023
=648  \7$a1916$2fast
=655  \7$arecords (documents)$2aat$0(CStmoGRI)aatgf300026685
=655  \7$abusiness records.$2aat$0(CStmoGRI)aatgf300141693
=655  \7$aoral histories (literary works)$2aat$0(CStmoGRI)aatgf300202595
=655  \7$aArchives.$2fast$0(OCoLC)fst01423700
=655  \7$aInterviews.$2fast$0(OCoLC)fst01423832
=655  \7$aOral histories.$2fast$0(OCoLC)fst01726295
=655  \7$aRecords (Documents)$2fast$0(OCoLC)fst01919961
=655  \7$aRecords (Documents)$2lcgft
=655  \7$aOral histories.$2lcgft
=655  \7$aDocuments administratifs.$2rvmgf$0(CaQQLa)RVMGF-000001054
=655  \7$aHistoires orales.$2rvmgf$0(CaQQLa)RVMGF-000312406
=710  2\$aLabor Archives of Washington,$ecurator.
=740  0\$aAcc2240-003.
=856  42$uhttp://archiveswest.orbiscascade.org/ark:/80444/xv75308/$zConnect to the online finding aid for this collection.
=049  \\$aWAUW

