=LDR  01937npcaa22002773i 4500
=001  1390465338
=008  230714i19381962xx\\\\\\\\\\\\\\\\\\eng\d
=005  20230714183941.2
=040  \\$aWAU$beng$erda$edacs$cWAU
=100  1\$aMoisio, Wayne,$ecreator.
=245  10$aWayne "Waino" Moisio papers.
=264  \0$c1938-1962.
=300  \\$a0.21 cubic feet$a(1 box)
=336  \\$atext$btxt$2rdacontent
=337  \\$aunmediated$bn$2rdamedia
=338  \\$asheet$bnb$2rdacarrier
=545  0\$aWayne Moisio, nicknamed Waino, was an amateur boxer and longtime International Longshore and Warehouse Union, Local 19 member. He participated in the 1934 Pacific Coast Maritime Strike at the "Battle at Smith Cove" that almost completely shut down merchant access in the area. He was known for blocking train access on the Seattle Waterfront during the event and was nicknamed the "Train Stopper" as a result. The strike was in response to the port leadership's failure to comply with the National Industrial Recovery Act and the protection of collective bargaining rights for unions. Moisio was also a member of the International Longshore and Warehouse Union Pacific Coast Pensioner's association and attended many conventions and gatherings hosted by the association.
=520  2\$aWeekly time books and personal meeting notes from International Longshore and Warehouse Union, Local 19 member Wayne "Waino" Moisio.
=506  \\$aOpen to all users.
=540  \\$aThe creators' literary rights have been transferred to the University of Washington Libraries.
=541  \\$aRonald Magden, 06/19/2012
=546  \\$aCollection materials are in English.
=710  2\$aLabor Archives of Washington (University of Washington)
=710  2\$aInternational Longshoremen's and Warehousemen's Union.$bLocal 19 (Seattle, Wash.)
=856  42$uhttp://archiveswest.orbiscascade.org/ark:/80444/xv08972$zConnect to the online finding aid for this collection
=049  \\$aWAUW

