=LDR  03133cpcaa22001933  4500
=001  777994607
=008  120223i18902010xx\\\\\\\\\\\\\\\\\\eng\d
=005  20210422164905.7
=040  \\$aWAU$beng$cWAU$dWAU$dOCLCO$dWAU$dOCLCO
=110  2\$aMusicians' Association of Seattle.
=245  10$aMusicians' Association of Seattle, American Federation of Musicians Local 76-493 records$f1890-2010$g(bulk 1960-1990).
=300  \\$a5.91 cubic feet (6 boxes)
=520  2\$aMaterials include meeting minutes, financial records, bylaws, bylaws amendments, resolutions, reports, correspondence, membership applications, attendance lists, essays, and newsletters documenting the activities of the Musicians' Association of Seattle, American Federation of Musicians (AFM) Local 76-493, AFM Local 76, and AFM Local 493 in Seattle, Washington; AFM Local 117 in Tacoma, Washington; and AFM Local 184 and Snohomish County Musicians Club in Everett, Washington. Also included to a lesser extent are materials relating to the activities of AFM Local 124 in Olympia, Washington; AFM Local 236 in Aberdeen, Washington; AFM Local 451 in Bellingham, Washington; and AFM Local 461 in Mount Baker/Anacortes, Washington.
=545  1\$aThe Musicians' Association of Seattle, American Federation of Musicians Local 76-493 is a labor union that represents musicians in Seattle; Vashon Island; Clallam, Grays Harbor, Jefferson, King, Kitsap, Kittitas, Mason, Island, Pierce, San Juan, Skagit, Thurston, and Whatcom counties; and parts of Pacific County. Local 76-493 has been a labor organization since 1890 and is led by elected officers and an elected board of directors. Musicians' unions began in Seattle in 1890 with the creation of the Seattle chapter of the Musicians Mutual Protective Union (MMPU) Local 76. MMPU Local 76 reorganized under the American Federation of Musicians (AFM) Local 76 in 1898 and represented white musicians. Non-white musicians were barred from joining AFM Local 76 so they formed a separate union, AFM Local 458. Tension between the two unions resulted in the international union revoking Local 458's charter in April of 1924. However, Black and other musicians of color were able to charter a replacement union, Local 493, later that year. In 1958, Local 76 and Local 493 were amalgamated into Local 76, ending the racial segregation of musicians' unions in Seattle. In 1994 the local's name was changed to Local 76-493. Previously distinct AFM locals in Western Washington became amalgamated under the jurisdiction of Local 76-493 between 1980 and 2010 including AFM Local 117, Tacoma; AFM Local 184, Everett; AFM Local 124, Olympia; AFM Local 236, Aberdeen; AFM Local 451, Bellingham; and AFM Local 461, Mount Baker/Anacortes.
=506  \\$aOpen to all users, but access to portions of the collection is restricted. Contact Special Collections for details.
=540  \\$aCreator's literary rights transferred to the University of Washington Libraries
=710  2\$aLabor Archives of Washington,$ecurator.
=856  42$uhttp://archiveswest.orbiscascade.org/ark:/80444/xv12707/$zConnect to the online finding aid for this collection.
=049  \\$aWAUW

