=LDR  01835cpc a22003371a 4500
=001  28411134
=008  881213i19031955wau\\\\\\\\\\\\\\\\\eng\d
=005  20230628194800.3
=010  \\$a   88798948 
=040  \\$aWAU$beng$eappm$cWAU$dDLC$dOCLCQ$dNUCMC$dWAU$dOCLCA$dOCLCF$dOCLCO$dWAU
=043  \\$an-us---
=110  2\$aNational Marine Engineers' Beneficial Association (U.S.)
=245  00$aNational Marine Engineers' Beneficial Association Records,$f1903-1955;$g(bulk 1918-1947).
=300  \\$a11.54 cubic feet (13 boxes)
=500  \\$aThe material described in this catalog record is located in the collections of the University of Washington Libraries (Seattle).
=520  8\$aCorrespondence, minutes, journals, legislative materials, financial records, ephemera, agreements, reports, constitutions and bylaws of the union on national and local levels. The correspondence is mainly that of William Peel, business manager of Local, 38.
=561  \\$aAcquired 1965.
=650  \0$aMarine engineers$xLabor unions$zUnited States.
=650  \0$aMarine engineers$zUnited States.
=650  \0$aLabor laws and legislation$zUnited States.
=650  \6$aMécaniciens de navire$0(CaQQLa)201-0059832$xSyndicats$0(CaQQLa)201-0378916$zÉtats-Unis.$0(CaQQLa)201-0407727
=650  \6$aMécaniciens de navire$0(CaQQLa)201-0059832$zÉtats-Unis.$0(CaQQLa)201-0407727
=650  \7$aLabor laws and legislation.$2fast$0(OCoLC)fst00989967
=650  \7$aMarine engineers.$2fast$0(OCoLC)fst01009556
=651  \7$aUnited States.$2fast$0(OCoLC)fst01204155
=655  \7$aBylaws.$2ftamc
=655  \7$aConstitutions.$2ftamc
=740  0\$aacc0512-001
=851  \\$aUniversity of Washington Libraries$e(Seattle).
=856  42$uhttp://archiveswest.orbiscascade.org/ark:/80444/xv53070/$zConnect to the online finding aid for this collection.
=049  \\$aWAUW

