=LDR  03189cpcaa2200469 i 4500
=001  123949528
=008  070503s1954\\\\wau\\\\\\\\\\\\\\\\\eng\d
=005  20221129102704.6
=040  \\$aWAU$beng$erda$cWAU$dWAU$dOCLCO$dOCLCQ$dOCLCA$dWAU$dOCLCF
=041  0\$aeng
=043  \\$an-us-wa
=110  2\$aNational Union of Marine Cooks and Stewards,$ecreator.
=245  10$aMarine Cooks and Stewards Union records.
=264  \0$c1954
=300  \\$a3 items
=336  \\$atext$btxt$2rdacontent
=337  \\$aunmediated$bn$2rdamedia
=338  \\$asheet$bnb$2rdacarrier
=545  1\$aFormed in 1901 as Marine Cooks and Stewards Association of the Pacific Coast. In 1934, under the name Marine Cooks and Stewards Union, they secured recognition as important union. It represented the service workers in the steward departments of United States vessels that sailed in the Pacific. In 1950, under the name National Union of Marine Cooks and Stewards, the union was expelled from the CIO as a Communist dominated union when members refused the anti-communist pledge. It then became the focus of a power struggle between the Seafarers International Union and the International Longshore and Warehouse Union. Although the NUMCS were leaning toward the ILWU, the sailor's union (SUP), managed to orchestrate an election that brought in other predominately white unions, who tipped the vote in favor of affiliation with the AFL.
=520  2\$aForecastle cards and articles of Alaska Steamship Company related to the labor organization. Articles are signed for the steamships Aleutian, Baranof, and Denali for their final voyages to Alaska under the house flag of the Alaska Steamship Company. The signees are Erling P Brastad, Henry Burns and Albert McCabe.
=506  \\$aAccess may be restricted. Contact Special Collections for details.
=540  \\$aSome restrictions exist on duplication, quotation, or publication. Contact the repository for details.
=500  \\$aProcessing levels vary. Contact the repository for details.
=541  \\$cDonated by$aH. Don Stewart, Secretary of union,$dApril 18, 1969.
=610  20$aNational Union of Marine Cooks and Stewards$vArchives.
=610  20$aAlaska Steamship Co.$xHistory$vSources.
=650  \0$aContracts for work and labor$zWashington (State)$zSeattle$xHistory$vSources.
=650  \0$aCooks$xLabor unions$xHistory$vSources.
=650  \0$aStewards$xLabor unions$xHistory$vSources.
=610  27$aAlaska Steamship Co.$2fast$0(OCoLC)fst00593902
=610  27$aNational Union of Marine Cooks and Stewards.$2fast$0(OCoLC)fst00632536
=650  \7$aContracts for work and labor.$2fast$0(OCoLC)fst00877017
=650  \7$aCooks$xLabor unions.$2fast$0(OCoLC)fst00878054
=651  \7$aWashington (State)$zSeattle.$2fast$0(OCoLC)fst01204940
=655  \7$alegal documents.$2aat
=655  \7$aArchives.$2fast$0(OCoLC)fst01423700
=655  \7$aContracts.$2fast$0(OCoLC)fst01774255
=655  \7$aHistory.$2fast$0(OCoLC)fst01411628
=655  \7$aSources.$2fast$0(OCoLC)fst01423900
=655  \7$aContracts.$2lcgft
=856  42$uhttps://archiveswest.orbiscascade.org/ark:80444/xv44165$zConnect to the finding aid for this collection.
=049  \\$aWAUW

