=LDR  01393cpc a22001933  4500
=001  123953865
=008  070503i18921979xx\\\\\\\\\\\\\\\\\\eng\d
=005  20230628194321.3
=040  \\$aWAU$beng$cWAU$dWAU
=100  1\$aNeylan, Mickey
=245  10$aMickey Neylan papers,$f1892-1979
=300  \\$aca. .84 cubic ft
=520  2\$aCorrespondence, publications, writings, ephemera, labor union and Socialist pamphlets, labor union song books, newsletters, clippings, photographs; 1897-1979.  In part, records of Seattle Typographical Union, Local 202.  Included also is an autobiography and a few other papers of Harry E.B. Ault, including material regarding his newspaper, the Seattle Union Record.  Neylan's personal papers include documentation about Equality Colony in Skagit County, Washington.
=506  \\$aAccess may be restricted. Contact Special Collections for details.
=540  \\$aSome restrictions exist on duplication, quotation, or publication. Contact the repository for details
=545  0\$aEmployee of the International Typographical Union Local #202, Seattle.  Her brother was Harry E.B. Ault.
=555  \\$aA finding aid to the papers in available in the Special Collections Division of the University of Washington Libraries and on the World Wide Web
=856  42$uhttps://archiveswest.orbiscascade.org/ark:80444/xv76446$zConnect to the online finding aid for this collection
=049  \\$aWAUW

