=LDR  05557cpcaa2200901 i 4500
=001  1190862871
=008  200826i19362015wau\\\\\\\\\\\\\\\\\eng\d
=005  20220416231326.7
=007  kg\bd|
=040  \\$aWAU$beng$erda$edacs$cWAU$dWAU$dOCLCF$dWAU$dOCLCO
=041  0\$heng
=046  \\$o1936$p2015$2edtf
=110  2\$aOffice and Professional Employees International Union.$bLocal 23 (Tacoma, Wash.),$ecreator.
=245  10$aOffice and Professional Employees International Union, Local 23 records.
=264  \0$c1936-2015.
=300  \\$a10.62 ̂$fcubic feet$a(10 boxes and 1 oversize vertical file)
=336  \\$atext$btxt$2rdacontent
=336  \\$astill image$btdi$2rdacontent
=337  \\$aunmediated$bn$2rdamedia
=338  \\$asheet$bnb$2rdacarrier
=351  \\$aArranged in 6 series: Series 1, Meeting Minutes and Financial Statements, 1937-2002 -- Series 2, Discontinued CBA files and Miscellaneous papers, 1936-1997 -- Series 3, Organizing Campaigns and miscellaneous, 1954-1994 -- Series 4, Former Employer (Retail Store A-U) CBAs & Correspondence, 1937-2007 -- Series 5, Newsletters, 1956-2015 -- Series 6, Miscellaneous, photographs and newspaper clippings, 1936-2009.
=545  0\$aOffice and Professional Employees Local 23 represented workers in the Tacoma area until the organization merged into OPEIU Local 8 of Seattle in 2015.
=520  2\$aRecords of the Tacoma local of the Office and Professional Employees International Union, including files on organizing campaigns, collective bargaining files and correspondence with employers; meeting minutes, newsletters, photographs & press clippings. Meeting minutes also include minutes from the Office Workers Local 20360 and OPEIU Local 132.
=506  \\$aNo restrictions on access. Records stored offsite; advance notice is required.
=540  \\$aCreator's copyrights transferred to the University of Washington Libraries Special Collections.
=541  \\$cDonated by$aLibby Alejandro and Cindy Shu of OPEIU Local 8 (Local 23 merged into Local 8 in June of 2018)
=546  \\$aCollection materials are in English.
=500  \\$aForms part of the Labor Archives of Washington.
=610  20$aOffice and Professional Employees International Union.$bLocal 23 (Tacoma, Wash.)$vArchives.
=610  20$aOffice and Professional Employees International Union$xHistory$vSources.
=650  \0$aWhite collar workers$zWashington (State)$xHistory$vSources.
=650  \0$aLabor unions$zWashington (State)$xHistory$vSources.
=650  \0$aLabor$zWashington (State)$xHistory$vSources.
=650  \0$aLabor movement$zWashington (State)$xHistory$vSources.
=650  \6$aCols blancs$0(CaQQLa)201-0064384$zWashington (État)$0(CaQQLa)201-0395184$xHistoire$0(CaQQLa)201-0382350$vSources.$0(CaQQLa)201-0382350
=650  \6$aSyndicats$0(CaQQLa)201-0007001$zWashington (État)$0(CaQQLa)201-0395184$xHistoire$0(CaQQLa)201-0382350$vSources.$0(CaQQLa)201-0382350
=650  \6$aTravail$0(CaQQLa)201-0093408$zWashington (État)$0(CaQQLa)201-0395184$xHistoire$0(CaQQLa)201-0382350$vSources.$0(CaQQLa)201-0382350
=650  \6$aMouvement ouvrier$0(CaQQLa)201-0078721$zWashington (État)$0(CaQQLa)201-0395184$xHistoire$0(CaQQLa)201-0382350$vSources.$0(CaQQLa)201-0382350
=610  27$aOffice and Professional Employees International Union$2fast$0(OCoLC)fst00541531
=650  \7$aLabor$2fast$0(OCoLC)fst00989798
=650  \7$aLabor movement$2fast$0(OCoLC)fst00990079
=650  \7$aLabor unions$2fast$0(OCoLC)fst00990260
=650  \7$aWhite collar workers$2fast$0(OCoLC)fst01174632
=651  \7$aWashington (State)$2fast$0(OCoLC)fst01204703
=655  \2$aLetter$0(DNLM)D016422
=655  \2$aPhotograph$0(DNLM)D059036
=655  \2$aEphemera$0(DNLM)D019502
=655  \7$acommercial correspondence.$2aat$0(CStmoGRI)aatgf300026914
=655  \7$acollective labor agreements.$2aat$0(CStmoGRI)aatgf300027630
=655  \7$aphotographs.$2aat$0(CStmoGRI)aatgf300046300
=655  \7$aprinted ephemera.$2aat$0(CStmoGRI)aatgf300264821
=655  \7$aArchives$2fast$0(OCoLC)fst01423700
=655  \7$aBusiness correspondence$2fast$0(OCoLC)fst01919897
=655  \7$aCollective labor agreements$2fast$0(OCoLC)fst01774247
=655  \7$aEphemera$2fast$0(OCoLC)fst01919921
=655  \7$aHistory$2fast$0(OCoLC)fst01411628
=655  \7$aMinutes (Records)$2fast$0(OCoLC)fst01919940
=655  \7$aNewsletters$2fast$0(OCoLC)fst01919943
=655  \7$aPhotographs$2fast$0(OCoLC)fst01423689
=655  \7$aRecords (Documents)$2fast$0(OCoLC)fst01919961
=655  \7$aSources$2fast$0(OCoLC)fst01423900
=655  \7$aBusiness correspondence.$2lcgft
=655  \7$aMinutes (Records)$2lcgft
=655  \7$aNewsletters.$2lcgft
=655  \7$aCollective labor agreements.$2lcgft
=655  \7$aRecords (Documents)$2lcgft
=655  \7$aPhotographs.$2lcgft
=655  \7$aEphemera.$2lcgft
=655  \7$aCorrespondance commerciale.$2rvmgf$0(CaQQLa)RVMGF-000001162
=655  \7$aProcès-verbaux.$2rvmgf$0(CaQQLa)RVMGF-000001222
=655  \7$aLettres d'informations.$2rvmgf$0(CaQQLa)RVMGF-000001104
=655  \7$aConventions collectives.$2rvmgf$0(CaQQLa)RVMGF-000001475
=655  \7$aDocuments administratifs.$2rvmgf$0(CaQQLa)RVMGF-000001054
=655  \7$aPhotographies.$2rvmgf$0(CaQQLa)RVMGF-000001676
=655  \7$aDocuments éphémères.$2rvmgf$0(CaQQLa)RVMGF-000001046
=710  2\$aLabor Archives of Washington,$ecurator.
=856  42$uhttp://archiveswest.orbiscascade.org/ark:/80444/xv874480$zConnect to the online finding aid for this collection
=049  \\$aWAUW

