=LDR  03874cpc a22007691a 4500
=001  28418444
=008  881007i19382010wau\\\\\\\\\\\\\\\\\eng\d
=005  20220602112354.9
=010  \\$a   88798537 $bms 87001595 
=040  \\$aWaU$beng$eappm$cDLC$dWAU$dOCLCQ$dNUCMC$dOCLCQ$dWAU$dOCLCO$dOCLCA$dWAU$dOCLCA$dWAU$dOCLCO$dWAU$dOCLCA$dOCLCF$dOCLCQ$dOCLCO$dOCLCA$dWAU$dOCLCO
=043  \\$an-us-wa
=110  2\$aOffice and Professional Employees International Union.$bLocal 8 (Seattle, Wash.)
=245  00$aOffice and Professional Employees International Union Local 8 Records,$f1938-2010.
=300  \\$a371.06 cubic feet (367 boxes, 2 packages)
=500  \\$aThe material described in this catalog record is located in the collections of the University of Washington Libraries (Seattle).
=545  \\$aName of parent body changed from Office Employes International Union ca. 1966.
=520  8\$aCorrespondence, minutes, contract and negotiation files, grievance and arbitration files, newsletters, financial records, and ephemera.
=506  \\$aAccess to grievance and negotiation files restricted.
=555  \\$aA finding aid to the papers in available in the Special Collections Division of the University of Washington Libraries and on the World Wide Web.
=650  \0$aWhite collar workers$xLabor unions$zWashington (State)
=650  \0$aWhite collar workers$zWashington (State)
=650  \0$aGrievance arbitration$zWashington (State)
=650  \0$aCollective bargaining$xWhite collar workers.
=650  \0$aCollective bargaining$zWashington (State)
=650  \0$aLabor contract$zWashington (State)
=650  \0$aArbitration, Industrial$zWashington (State)
=651  \4$aSeattle (Wash.)$xLabor.
=651  \4$aWashington (State)$xLabor.
=650  \6$aCols blancs$0(CaQQLa)201-0070670$xSyndicats$0(CaQQLa)201-0070670$zWashington (État)$0(CaQQLa)201-0395184
=650  \6$aCols blancs$0(CaQQLa)201-0064384$zWashington (État)$0(CaQQLa)201-0395184
=650  \6$aNégociations collectives$0(CaQQLa)201-0029860$zWashington (État)$0(CaQQLa)201-0395184
=650  \6$aContrat de travail$0(CaQQLa)201-0031848$zWashington (État)$0(CaQQLa)201-0395184
=650  \6$aArbitrage (Droit du travail)$0(CaQQLa)201-0019340$zWashington (État)$0(CaQQLa)201-0395184
=650  \7$aArbitration, Industrial.$2fast$0(OCoLC)fst00812788
=650  \7$aCollective bargaining.$2fast$0(OCoLC)fst00867190
=650  \7$aCollective bargaining$xWhite collar workers.$2fast$0(OCoLC)fst00867351
=650  \7$aGrievance arbitration.$2fast$0(OCoLC)fst00947916
=650  \7$aLabor contract.$2fast$0(OCoLC)fst00989889
=650  \7$aWhite collar workers.$2fast$0(OCoLC)fst01174632
=650  \7$aWhite collar workers$xLabor unions.$2fast$0(OCoLC)fst01174644
=651  \7$aWashington (State)$2fast$0(OCoLC)fst01204703
=655  \7$anewsletters.$2aat$0(CStmoGRI)aatgf300026652
=655  \7$anews bulletins.$2aat$0(CStmoGRI)aatgf300026435
=655  \7$aNewsletters.$2fast$0(OCoLC)fst01919943
=655  \7$aNewsletters.$2ftamc
=655  \7$aNewsletters.$2lcgft
=655  \7$aLettres d'informations.$2rvmgf$0(CaQQLa)RVMGF-000001104
=710  2\$aOffice Employees International Union.$bLocal 8 (Seattle, Wash.)
=740  0\$aAcc3185-001.
=740  0\$aAcc3185-002.
=740  0\$aAcc3185-003.
=740  0\$aAcc3185-004.
=740  0\$aAcc3185-005.
=740  0\$aAcc3185-006.
=740  0\$aAcc3185-007.
=740  0\$aAcc3185-008.
=740  0\$aAcc3185-009.
=740  0\$aAcc3185-010.
=740  0\$aAcc3185-011.
=740  0\$aAcc3185-012.
=740  0\$aAcc3185-013.
=740  0\$aAcc3185-014.
=740  0\$aAcc3185-015.
=740  0\$aAcc3185-016
=851  \\$aUniversity of Washington Libraries$c(Seattle)
=856  42$uhttp://archiveswest.orbiscascade.org/ark:/80444/xv78741/$zConnect to the online finding aid for these papers
=049  \\$aWAUW

