=LDR  05753cpcaa2200841Ii 4500
=001  944927611
=008  160316i19472015xx\\\\\\\\\\\\\\\\\\eng\d
=005  20220429124344.4
=040  \\$aWAU$beng$edacs$cWAU$dOCLCO$dWAU$dOCLCO$dOCLCA$dOCLCF$dWAU$dOCL$dOCLCO
=046  \\$k1947$l2015$2edtf
=110  2\$aPacific Northwest Labor History Association,$ecreator.
=245  10$aPacific Northwest Labor History Association records.
=264  \0$c1947-2015
=300  \\$a2.19$fcubic feet$a(4 boxes)
=336  \\$atext$btxt$2rdacontent
=336  \\$astill image$bsti$2rdacontent
=336  \\$aspoken word$bspw$2rdacontent
=336  \\$athree-dimensional moving image$btdm$2rdacontent
=337  \\$aunmediated$bn$2rdamedia
=337  \\$aaudio$bs$2rdamedia
=337  \\$avideo$bv$2rdamedia
=338  \\$asheet$bnb$2rdacarrier
=338  \\$aaudio disc$bsd$2rdacarrier
=338  \\$avideodisc$bvd$2rdacarrier
=351  \\$aOrganized into 2 accessions. Accession No. 4552-001, Pacific Northwest Labor History Association records, 1971-1995 Accession No. 4552-002, Pacific Northwest Labor History Association records, 1947-2015
=545  1\$aThe Pacific Northwest Labor History Association (PNLHA) is a non-profit association dedicated to preserving the history and heritage of workers in the Pacific Northwest. It considers the "Pacific Northwest" to be British Columbia, Oregon and Washington. Members of the PNLHA include trade unionists, students, academics, and others who share an interest in the history and heritage of workers in the Pacific Northwest region. The PNLHA believes the labor movement must know where it's been to know where it's going. It depends exclusively on memberships to sustain its activities. Adapted from the "About" section of the PNLHA website (https://pnlha.wordpress.com/about-2/ ) on 3/16/2016.
=520  2\$aConference files, including papers presented, correspondence, CD and DVD recordings, photographs, and related materials about projects sponsored by the association (1947-2015); miscellaneous correspondence files (1972-1990), Board of Directors correspondence files (1990-1993). Additional correspondence, minutes, reports, and agendas document the activities of the PNLHA executive board from 1999-2000. Also includes a file of correspondence between George Underwood and the Industrial Workers of the World (IWW) dating July 10, 1971 to August 11, 1977.
=506  \\$aSome restrictions on access. Contact repository for details.
=540  \\$aCreator's copyrights transferred to the University of Washington Libraries Special Collections unless otherwise specified.
=610  20$aPacific Northwest Labor History Association$vArchives.
=600  10$aUnderwood, G.$q(George),$d1880-
=600  10$aBeck, Dave,$d1894-1993$vCorrespondence.
=600  10$aHandcox, John L.,$d1904-1992$vCorrespondence.
=600  10$aMiller, Jack R.$q(Jack Richard),$d1916-1994$vCorrespondence.
=610  20$aPacific Northwest Labor History Association$vCorrespondence.
=610  20$aPacific Northwest Labor History Association$vCongresses.
=610  20$aIndustrial Workers of the World.
=610  20$aIndustrial Workers of the World$vCorrespondence.
=610  20$aLaborers' International Union of North America.$bLocal 348$vCorrespondence.
=650  \0$aLabor unions$zNorthwest, Pacific.
=650  \0$aLabor unions$zUnited States$xHistory$y20th century.
=650  \0$aLabor$zUnited States$xHistory$y20th century.
=650  \0$aLabor unions$vCongresses.
=650  \0$aLabor union meetings$zUnited States$xHistory$y20th century.
=650  \0$aLabor union locals$zUnited States$xHistory$y20th century.
=650  \0$aLabor union rules$zUnited States$xHistory$y20th century.
=600  10$aRieder, Ross K.
=650  \6$aTravail$0(CaQQLa)201-0093408$zÉtats-Unis$0(CaQQLa)201-0407727$xHistoire$0(CaQQLa)201-0378892$y20e siècle.$0(CaQQLa)201-0378892
=650  \6$aSyndicats$0(CaQQLa)201-0007001$vCongrès.$0(CaQQLa)201-0378219
=650  \6$aSyndicats$0(CaQQLa)201-0048383$xRéunions$0(CaQQLa)201-0048383$zÉtats-Unis$0(CaQQLa)201-0407727$xHistoire$0(CaQQLa)201-0378892$y20e siècle.$0(CaQQLa)201-0378892
=650  \6$aSyndicats$0(CaQQLa)201-0092747$xSections locales$0(CaQQLa)201-0092747$zÉtats-Unis$0(CaQQLa)201-0407727$xHistoire$0(CaQQLa)201-0378892$y20e siècle.$0(CaQQLa)201-0378892
=600  17$aRieder, Ross K.$2fast$0(OCoLC)fst00208122
=600  17$aBeck, Dave,$d1894-1993.$2fast$0(OCoLC)fst01757825
=600  17$aHandcox, John L.,$d1904-1992.$2fast$0(OCoLC)fst01531066
=600  17$aMiller, Jack R.$q(Jack Richard),$d1916-1994.$2fast$0(OCoLC)fst01731565
=610  27$aIndustrial Workers of the World.$2fast$0(OCoLC)fst00545991
=610  27$aPacific Northwest Labor History Association.$2fast$0(OCoLC)fst00695401
=650  \7$aLabor.$2fast$0(OCoLC)fst00989798
=650  \7$aLabor union locals.$2fast$0(OCoLC)fst00990253
=650  \7$aLabor union meetings.$2fast$0(OCoLC)fst00990255
=650  \7$aLabor union rules.$2fast$0(OCoLC)fst01736045
=650  \7$aLabor unions.$2fast$0(OCoLC)fst00990260
=651  \7$aPacific Northwest.$2fast$0(OCoLC)fst01242543
=651  \7$aUnited States.$2fast$0(OCoLC)fst01204155
=648  \7$a1900-1999$2fast
=655  \7$aArchives.$2fast$0(OCoLC)fst01423700
=655  \7$aConference papers and proceedings.$2fast$0(OCoLC)fst01423772
=655  \7$aHistory.$2fast$0(OCoLC)fst01411628
=655  \7$aPersonal correspondence.$2fast$0(OCoLC)fst01919948
=710  2\$aLaborers' International Union of North America.$bLocal 348.
=710  2\$aVeterans of the Abraham Lincoln Brigade.
=856  42$uhttp://archiveswest.orbiscascade.org/ark:/80444/xv33273$zConnect to the online finding aid for this collection
=049  \\$aWAUW

