=LDR  06178cpcaa2200601 i 4500
=001  949456230
=008  160511i19342015wau\\\\\\\\\\\\\\\\\eng\d
=005  20220505101440.6
=040  \\$aWAU$beng$erda$edacs$cWAU$dWAU$dOCLCF$dWAU$dOCLCO
=046  \\$k1934$l2015
=100  1\$aParks, Norman B.,$ecreator.
=245  10$aNorman Parks papers.
=264  \0$c1934-2015
=300  \\$a0.36$fcubic feet$a(1 box)
=336  \\$atext$btxt$2rdacontent
=336  \\$atactile three-dimensional form$btcf$2rdacontent
=337  \\$aunmediated$bn$2rdamedia
=338  \\$asheet$bnb$2rdacarrier
=338  \\$aobject$bnr$2rdacarrier
=545  0\$aNorman Parks is a retired secretary-treasurer of Portland ILWU Local 8 and a longtime negotiator of west coast longshore contracts, he obtained the coins in his role as local 8 officer in 1979.
=520  2\$aCollection of longshore maritime history materials gathered by Norman Parks relating to International Longshore and Warehouse Local 8 (Portland) and its predecessor, International Longshoremen's Association, Local 38-78. Much of the collection relates to the history of the Pacific Coast ILA and ILWU, with an emphasis on Portland and the 1934 Pacific Coast Maritime Strike. Included are medals minted by the Citizen's Emergency League, based out of Portland, Oregon. The League was a vigilante group started by the Portland Chamber of Commerce to break through picket lines caused by the 1934 maritime strike. According to historian Michael Munk, "CEL members wore the service disks, inscribed 'CEL- for Law and Order' on one side and 'Minute Men, Lexington, Mass., 1776- Portland, Ore., 1934' on the other....they were stamped with the member's number and - together with red, white, and blue armbands bearing the letters C-E-L - were 'to be worn by members in case of being called out as law enforcement officers.'" The context of the CEL is that many Portland police officers had relatives that were longshoremen and who were a They thought police were coddling longshoremen and passing on intelligence. The employers hired WWI veterans to beat up longshoremen during the strike, housing them on terminal 4. Oral tradition claims that longshoremen would beat the strikebreakers in retaliation for their attacks on strikes and take their coins as mementoes. Other coins in the collection include tokens good for a free meal or trade for strikers at various Portland waterfront bars, restaurants, and businesses including Ericson's Bar, Longshoreman's Social Club, the Portland Seamen's Center, and the Longshoremen's Lunch and Card Room. Other materials relate to the history of the strike, and an article by on the history and provenance of the vigilante coins and lunch tokens. The collection also includes a roster of post- WWII members kept to document who was registered and entitled to pension.
=506  \\$aNo restrictions on access.
=540  \\$aCreator's copyrights transferred to the University of Washington Libraries Special Collections.
=561  \\$aAccording to Parks, many of the materials in this collection were salvaged when the union local sold its old building and moved to new one. The old hall was at 17th and Glissan and was previously a Swedish Church. During the move union member found a hidden room while rewiring, including materials relating to Local 8 and its history. Parks rescued the materials, which were in the process of being thrown away. Significant materials include a telegram from the 1934 Pacific Coast Maritime Strike and a minute books from Peabody, an early secretary of ILA in 1888 in Portland.
=544  1\$nRelated materials can be found in the following collections: Albert H. Farmer papers, 1926-1981 University of Washington Libraries, Special Collections; Oral history interview with Frank Jenkins University of Washington Libraries, Special Collections; Ronald Magden papers University of Washington Libraries, Special Collections; Shaun Maloney papers University of Washington Libraries, Special Collections; Ottilie Markholt papers University of Washington Libraries, Special Collections; George Starkovich ephemera collection University of Washington Libraries, Special Collections; International Longshoremen's Association, Local Pacific Coast District records, 1934-1945 University of Oregon Libraries, Special Collections and University Archives.
=600  10$aParks, Norman B.$vArchives.
=610  20$aCitizen's Emergency League (Portland, Or.)
=610  20$aCitizen's Emergency League (Portland, Or.)$xMembership.
=610  20$aInternational Longshore and Warehouse Union.
=650  \0$aStrikes and lockouts$zOregon$zPortland.
=650  \0$aLabor unions$zOregon$zPortland.
=650  \0$aLabor$zOregon$zPortland.
=650  \0$aLabor movement$zOregon$zPortland.
=650  \6$aGrèves et lock-out$0(CaQQLa)201-0003270$zOregon$0(CaQQLa)201-0469857$zPortland.$0(CaQQLa)201-0469857
=650  \6$aSyndicats$0(CaQQLa)201-0007001$zOregon$0(CaQQLa)201-0469857$zPortland.$0(CaQQLa)201-0469857
=650  \6$aTravail$0(CaQQLa)201-0093408$zOregon$0(CaQQLa)201-0469857$zPortland.$0(CaQQLa)201-0469857
=650  \6$aMouvement ouvrier$0(CaQQLa)201-0078721$zOregon$0(CaQQLa)201-0469857$zPortland.$0(CaQQLa)201-0469857
=610  27$aInternational Longshore and Warehouse Union.$2fast$0(OCoLC)fst00774149
=650  \7$aLabor.$2fast$0(OCoLC)fst00989798
=650  \7$aLabor movement.$2fast$0(OCoLC)fst00990079
=650  \7$aLabor unions.$2fast$0(OCoLC)fst00990260
=650  \7$aMembership requirements.$2fast$0(OCoLC)fst01353685
=650  \7$aStrikes and lockouts.$2fast$0(OCoLC)fst01135030
=651  \7$aOregon$zPortland.$2fast$0(OCoLC)fst01204325
=655  \2$aEphemera$0(DNLM)D019502
=655  \7$aprinted ephemera.$2aat$0(CStmoGRI)aatgf300264821
=655  \7$aArchives.$2fast$0(OCoLC)fst01423700
=655  \7$aEphemera.$2fast$0(OCoLC)fst01919921
=655  \7$aEphemera.$2lcgft
=655  \7$aDocuments éphémères.$2rvmgf$0(CaQQLa)RVMGF-000001046
=710  2\$aLabor Archives of Washington,$ecurator.
=856  42$uhttp://archiveswest.orbiscascade.org/ark:/80444/xv48416$zConnect to the online finding aid for this collection
=049  \\$aWAUW

