=LDR  04403cpcaa2200637Ii 4500
=001  77496627
=008  061228i19082013xx\\\\\\\\\\\\\\\\\\eng\d
=005  20220506105448.3
=040  \\$aWAU$beng$edacs$cWAU$dOCLCQ$dWAU$dOCLCF$dOCLCO$dWAU$dOCLCO
=043  \\$an-us-wa$an-us---
=100  1\$aParry, Will$c(Labor activist),$ecreator.
=245  10$aWill Parry papers,$fapproximately 1908-2013,$gbulk 1977-1981.
=300  \\$a1.21 cubic feet (2 boxes)
=545  0\$aWill Parry was a labor activist in King County, Washington. From 1977 to 1978, Parry and Ross Rieder, of the Washington State Labor Council, organized King County unions to assist workers in picketing automobile dealerships. The strikes were in reaction to a growing trend among the dealerships to open their shops to non-union work. Parry and Ross paired again to organize the Washington State delegation of union members and supporters for Solidarity Day -- a rally against the Reagan administration initiated by the AFL-CIO Executive Council and held in Washington, D.C., on September 19, 1981.
=520  2\$aContains strike bulletins, clippings, notes, and photographs from the auto trades strike in King County, Washington, 1977-1978. Also contains newsletters, clippings, photographs, and related items about Solidarity Day in 1981, and the United States labor movement's protest against budget cuts in social programs by the Reagan administration.
=506  \\$aThe papers are open to all users.
=540  \\$aThe creator's literary rights have been transferred to the University of Washington Libraries.
=600  10$aParry, Will$e(Labor activist)$vArchives.
=650  \0$aLabor leaders$zWashington (State)$zKing County$vArchives.
=650  \0$aStrikes and lockouts$xAutomobile industry$zWashington (State)$zKing County.
=650  \0$aLabor disputes$zWashington (State)$zKing County.
=650  \0$aFederal aid to human services$zUnited States.
=650  \0$aDemonstrations$zWashington (D.C.)
=650  \0$aLabor leaders$zWashington (State)$zKing County.
=650  \0$aPicketing$zWashington (State)$zKing County$vPhotographs.
=650  \6$aDirigeants syndicaux$0(CaQQLa)201-0202520$zWashington (État)$0(CaQQLa)201-0394806$zKing$0(CaQQLa)201-0394806$vArchives.$0(CaQQLa)201-0378256
=650  \6$aGrèves et lock-out$0(CaQQLa)201-0074708$xAutomobiles$0(CaQQLa)201-0074708$xIndustrie et commerce$0(CaQQLa)201-0074708$zWashington (État)$0(CaQQLa)201-0394806$zKing.$0(CaQQLa)201-0394806
=650  \6$aTravail$0(CaQQLa)201-0054467$xConflits$0(CaQQLa)201-0054467$zWashington (État)$0(CaQQLa)201-0394806$zKing.$0(CaQQLa)201-0394806
=650  \6$aAide de l'État aux services sociaux$0(CaQQLa)201-0188914$zÉtats-Unis.$0(CaQQLa)201-0407727
=650  \6$aManifestations$zWashington (D.C.)$0(CaQQLa)201-0282440
=650  \6$aDirigeants syndicaux$0(CaQQLa)201-0202520$zWashington (État)$0(CaQQLa)201-0394806$zKing.$0(CaQQLa)201-0394806
=650  \6$aPiquet de grève$0(CaQQLa)201-0083240$zWashington (État)$0(CaQQLa)201-0394806$zKing$0(CaQQLa)201-0394806$vPhotographies.$0(CaQQLa)201-0378097
=650  \7$aDemonstrations.$2fast$0(OCoLC)fst00890222
=650  \7$aFederal aid to human services.$2fast$0(OCoLC)fst00922217
=650  \7$aLabor disputes.$2fast$0(OCoLC)fst00989929
=650  \7$aLabor leaders.$2fast$0(OCoLC)fst00990029
=650  \7$aPicketing.$2fast$0(OCoLC)fst01063672
=650  \7$aStrikes and lockouts$xAutomobile industry.$2fast$0(OCoLC)fst01135044
=651  \7$aUnited States.$2fast$0(OCoLC)fst01204155
=651  \7$aWashington (D.C.)$2fast$0(OCoLC)fst01204505
=651  \7$aWashington (State)$zKing County.$2fast$0(OCoLC)fst01206427
=655  \0$aClippings (Books, newspapers, etc.)
=655  \2$aPhotograph$0(DNLM)D059036
=655  \7$aNotes.$2aat
=655  \7$aEphemera.$2aat
=655  \7$aWritings.$2aat
=655  \7$aphotographs.$2aat$0(CStmoGRI)aatgf300046300
=655  \7$aArchives.$2fast$0(OCoLC)fst01423700
=655  \7$aNewsletters.$2fast$0(OCoLC)fst01919943
=655  \7$aPhotographs.$2fast$0(OCoLC)fst01423689
=655  \7$aNewsletters.$2lcgft
=655  \7$aPhotographs.$2lcgft
=655  \7$aLettres d'informations.$2rvmgf$0(CaQQLa)RVMGF-000001104
=655  \7$aPhotographies.$2rvmgf$0(CaQQLa)RVMGF-000001676
=856  42$uhttp://archiveswest.orbiscascade.org/ark:/80444/xv28743$zConnect to the online finding aid for this collection
=049  \\$aWAUW

