=LDR  06689cpcaa22011057i 4500
=001  123949167
=008  070503i19271984wau\\\\\\\\\\\\\\\\\eng\d
=006  innnn\\\\\\\\lt\n\
=005  20220409143702.2
=040  \\$aWAU$beng$edacs$cWAU$dOCLCG$dWAU$dOCLCQ$dWAU$dOCLCA$dWAU$dOCLCQ$dOCLCO$dOCLCF$dWAU$dOCLCO$dOCLCQ
=043  \\$an-us-wa
=046  \\$o1927$p1984$2edtf
=100  1\$aPettus, Terry,$d1904-1984,$ecreator,$einterviewee.
=245  10$aTerry Pettus papers and interviews.
=264  \0$c1927-1984
=300  \\$aapproximately 2.71$fcubic ft.$a(2 boxes of textual materials + 2 folders, 1 loose-leaf notebook, ephemera, 10 audiocassettes)
=336  \\$atext$btxt$2rdacontent
=336  \\$aspoken word$bspw$2rdacontent
=337  \\$aunmediated$bn$2rdamedia
=337  \\$aaudio$bs$2rdamedia
=338  \\$asheet$bnb$2rdacarrier
=338  \\$aaudiocassette$bss$2rdacarrier
=351  \\$aOrganized into 5 accessions: Accession No. 0139-001, Terry Pettus interviews and correspondence, 1966-1967 -- Accession No. 0463-002, Terry Pettus lecture, 1954 -- Accession No. 0463-003, Terry Pettus interview, 1979 -- Accession No. 0463-004, Terry Pettus papers, 1927-1984.
=386  \\$aMen$2lcdgt
=386  \\$aAmericans$aWashingtonians (Washington State)$2lcdgt
=386  \\$aSeattleites
=520  2\$aCorrespondence regarding the American Newspaper Guild, sound recordings and transcripts of interviews with Pettus, writings and research notes relating to Pettus' writing projects, and materials related to his activities as a houseboat owner to improve the rights of houseboat dwellers.
=506  \\$aOpen to all users.
=540  \\$aSome restrictions exist on duplication, quotation, or publication. Contact the repository for details.
=500  \\$aProcessing levels vary. Contact the repository for details.
=541  \\$cGift of$aTerry Pettus,$dNovember 28, 1960.
=541  \\$cDonated by:$aHoward Droker,$dFebruary 28, 1979, October 24, 1984.
=541  \\$cDonated by:$aDavid Current,$dNovember 01, 1981
=545  0\$aTerry Pettus was a labor organizer and the first president of the Pacific Northwest Newspaper Guild. He gained notoriety as an editor of a local Communist newspaper and was investigated by the House Un-American Activities Committee during the 1950s. In later years, Pettus became a member of the King County Board of Adjustment, Director of the Floating Homes Association, and member of a local society to save historic ships. He died in 1984 at the age of 80.
=600  10$aPettus, Terry,$d1904-1984$vArchives.
=650  \0$aNewspaper editors$zWashington (State)$zSeattle$vArchives.
=650  \0$aJournalists$zWashington (State)$zSeattle$vArchives.
=650  \0$aLabor leaders$zWashington (State)$zSeattle$vArchives.
=650  \0$aLabor disputes$zWashington (State)$zSeattle$xHistory$vSources.
=610  20$aAmerican Newspaper Guild$xHistory$vSources.
=610  20$aFloating Homes Association$xHistory$vSources.
=650  \0$aHouseboats$zWashington (State)$zSeattle$xHistory$vSources.
=650  \0$aHouseboats$xLaw and legislation$xHistory$vSources.
=650  \6$aRédacteurs en chef$0(CaQQLa)201-0214589$zWashington (État)$0(CaQQLa)201-0394837$zSeattle$0(CaQQLa)201-0394837$vArchives.$0(CaQQLa)201-0378256
=650  \6$aJournalistes$0(CaQQLa)201-0038421$zWashington (État)$0(CaQQLa)201-0394837$zSeattle$0(CaQQLa)201-0394837$vArchives.$0(CaQQLa)201-0378256
=650  \6$aDirigeants syndicaux$0(CaQQLa)201-0202520$zWashington (État)$0(CaQQLa)201-0394837$zSeattle$0(CaQQLa)201-0394837$vArchives.$0(CaQQLa)201-0378256
=650  \6$aTravail$0(CaQQLa)201-0054467$xConflits$0(CaQQLa)201-0054467$zWashington (État)$0(CaQQLa)201-0394837$zSeattle$0(CaQQLa)201-0394837$xHistoire$0(CaQQLa)201-0382350$vSources.$0(CaQQLa)201-0382350
=650  \6$aBateaux-maisons$0(CaQQLa)201-0024274$zWashington (État)$0(CaQQLa)201-0394837$zSeattle$0(CaQQLa)201-0394837$xHistoire$0(CaQQLa)201-0382350$vSources.$0(CaQQLa)201-0382350
=600  17$aPettus, Terry,$d1904-1984.$2fast$0(OCoLC)fst01480994
=610  27$aAmerican Newspaper Guild.$2fast$0(OCoLC)fst00516086
=610  27$aFloating Homes Association.$2fast$0(OCoLC)fst00635565
=650  \7$aHouseboats.$2fast$0(OCoLC)fst00962048
=650  \7$aHouseboats$xLaw and legislation.$2fast$0(OCoLC)fst00962052
=650  \7$aJournalists.$2fast$0(OCoLC)fst00984188
=650  \7$aLabor disputes.$2fast$0(OCoLC)fst00989929
=650  \7$aLabor leaders.$2fast$0(OCoLC)fst00990029
=650  \7$aNewspaper editors.$2fast$0(OCoLC)fst01037053
=651  \7$aWashington (State)$zSeattle.$2fast$0(OCoLC)fst01204940
=655  \2$aLetter$0(DNLM)D016422
=655  \2$aEphemera$0(DNLM)D019502
=655  \2$aInterview$0(DNLM)D017203
=655  \2$aLecture$0(DNLM)D019531
=655  \7$abulletins.$2aat$0(CStmoGRI)aatgf300311679
=655  \7$aresearch notes.$2aat$0(CStmoGRI)aatgf300265639
=655  \7$anewspaper clippings.$2aat$0(CStmoGRI)aatgf300429554
=655  \7$acommercial correspondence.$2aat$0(CStmoGRI)aatgf300026914
=655  \7$aprinted ephemera.$2aat$0(CStmoGRI)aatgf300264821
=655  \7$ainterviews.$2aat$0(CStmoGRI)aatgf300026392
=655  \7$alectures.$2aat$0(CStmoGRI)aatgf300026673
=655  \7$aArchives.$2fast$0(OCoLC)fst01423700
=655  \7$aBusiness correspondence.$2fast$0(OCoLC)fst01919897
=655  \7$aEphemera.$2fast$0(OCoLC)fst01919921
=655  \7$aHistory.$2fast$0(OCoLC)fst01411628
=655  \7$aInterviews.$2fast$0(OCoLC)fst01423832
=655  \7$aLectures.$2fast$0(OCoLC)fst01919935
=655  \7$aMinutes (Records)$2fast$0(OCoLC)fst01919940
=655  \7$aPersonal correspondence.$2fast$0(OCoLC)fst01919948
=655  \7$aRecords (Documents)$2fast$0(OCoLC)fst01919961
=655  \7$aSources.$2fast$0(OCoLC)fst01423900
=655  \7$aBusiness correspondence.$2lcgft
=655  \7$aPersonal correspondence.$2lcgft
=655  \7$aEphemera.$2lcgft
=655  \7$aInterviews.$2lcgft
=655  \7$aLectures.$2lcgft
=655  \7$aRecords (Documents)$2lcgft
=655  \7$aMinutes (Records)$2lcgft
=655  \7$aCorrespondance commerciale.$2rvmgf$0(CaQQLa)RVMGF-000001162
=655  \7$aCorrespondance privée.$2rvmgf$0(CaQQLa)RVMGF-000001056
=655  \7$aDocuments éphémères.$2rvmgf$0(CaQQLa)RVMGF-000001046
=655  \7$aInterviews.$2rvmgf$0(CaQQLa)RVMGF-000000446
=655  \7$aConférences.$2rvmgf$0(CaQQLa)RVMGF-000001263
=655  \7$aDocuments administratifs.$2rvmgf$0(CaQQLa)RVMGF-000001054
=655  \7$aProcès-verbaux.$2rvmgf$0(CaQQLa)RVMGF-000001222
=856  42$uhttp://archiveswest.orbiscascade.org/ark:/80444/xv44088/$zConnect to the finding aid for this collection
=049  \\$aWAUW

