=LDR  07510cpcaa2201093 i 4500
=001  28412921
=008  890105i18901989wau\\\\\\\\\\\\\\\\\eng\d
=005  20220629152021.0
=010  \\$a   88799074 $bms 87001633 
=040  \\$aWaU$beng$edacs$erda$cDLC$dWAU$dOCLCQ$dWAU$dNUCMC$dOCLCA$dNUCMC$dWAU$dOCLCA$dWAU$dOCLCQ$dOCLCA$dOCLCF$dOCLCA$dOCL$dWAU$dOCLCO
=043  \\$an-us-wa
=046  \\$k1890$l1989$2edtf
=110  2\$aPierce County Central Labor Council (Wash.),$ecreator.
=245  10$aPierce County Central Labor Council records.
=264  \0$c1890-1989.
=300  \\$a46.65$fcubic ft.$a(80 boxes) plus 3 microfilm reels and 1 audiocassette
=336  \\$atext$btxt$2rdacontent
=336  \\$aspoken word$bspw$2rdacontent
=337  \\$aaudio$bs$2rdamedia
=337  \\$amicroform$bh$2rdamedia
=338  \\$asheet$bnb$2rdacarrier
=338  \\$aaudiocassette$bss$2rdacarrier
=338  \\$amicrofilm reel$bhd$2rdacarrier
=545  1\$aThe Tacoma Trades Council was organized in 1890 as an independent organization. It was dormant March, 1895 until November, 1899 when it affiliated with the American Federation of Labor. After it was dissolved in September, 1907, a new body, the Tacoma Central Labor Council, was chartered by the AFL in November, 1907. The records of the Tacoma Trades Council were turned over to the Central Labor council at this time. As a result of the AFL-CIO merger the Tacoma Central Labor Council (AFL) and the Pierce County Industrial Union Council (CIO) merged to form the Pierce County Central Labor Council in December, 1957. In 1909 the Central Labor Council established its newspaper, the "Tacoma Labor Advocate," which was published until 1978.
=520  2\$aCorrespondence, organizational and historical materials (1913-1970); minutes (1890-1971); financial records (1913-1968); legal documents (1910-1966); court papers, hearing transcripts, reports, resolutions, speeches, writings, subject files, and other records, relating to the council and affiliated organizations including Labor Temple Corporation; Pierce County Central Labor Council, Politician Education Pierce County Committee; Tacoma Central Labor Council, and its Labor Day and Mother Robinson committees; United Labor Advisory Committee; Washington State Committee on Apprentice Training; Washington State Apprenticeship Council; Women's Union Card and Label League, Tacoma, Wash.; and the newspaper Tacoma Labor Advocate. Major correspondents include Homer Truett Bone and Warren Grant Magnuson. Includes taped interview with council officers Harry S. McIlvaigh and Clyde H. Hupp.
=500  \\$aForms a part of the Labor Archives of Washington.
=506  \\$aOpen to all users, but access to portions of the papers restricted. Contact repository for details.
=540  \\$aCopying permitted. Quoting for publication is permitted.
=541  \\$cDonated by$aThe Council in various installments,$d1978-1993.
=530  \\$aPortions of the records are available on microfilm in the repository and through interlibrary loan. Contact the Special Collections division of the University of Washington Libraries for details.
=610  20$aAFL-CIO.
=600  10$aHupp, Clyde H.$vInterviews.
=600  10$aMcIlvaigh, Harry S.$vInterviews.
=600  10$aMagnuson, Warren G.$q(Warren Grant),$d1905-1989$vCorrespondence.
=600  10$aBone, Homer Truett,$d1883-1970$vCorrespondence.
=610  20$aLabor Temple Corporation (Tacoma, Wash.)
=610  20$aPierce County Central Labor Council (Wash.).$bPolitician Education Pierce County Committee.
=610  20$aTacoma Central Labor Council.$bLabor Day Committee.
=610  20$aTacoma Central Labor Council.$bMother Robinson Committee.
=610  20$aUnited Labor Advisory Committee (Pierce County, Wash.)
=610  20$aWashington State Committee on Apprentice Training.
=610  20$aWashington State Apprenticeship Council.
=610  20$aWomen's Union Card and Label League (Tacoma, Wash.)
=630  00$aTacoma labor advocate.
=650  \0$aLabor unions$zWashington (State)
=650  \0$aLabor Day$zWashington (State)
=650  \0$aWomen labor union members$zWashington (State)
=650  \0$aApprentices$zWashington (State)
=650  \0$aAmerican newspapers$zWashington (State)
=650  \0$aLabor journalism$zWashington (State)
=651  \0$aWashington (State)$xPolitics and government$y1889-1950.
=651  \0$aWashington (State)$xPolitics and government$y1951-
=650  \6$aSyndicats$0(CaQQLa)201-0007001$zWashington (État)$0(CaQQLa)201-0395184
=650  \6$aFête du travail (Septembre)$0(CaQQLa)201-0026430$zWashington (État)$0(CaQQLa)201-0395184
=650  \6$aApprentis$0(CaQQLa)201-0078881$zWashington (État)$0(CaQQLa)201-0395184
=650  \6$aJournaux américains$0(CaQQLa)201-0011529$zWashington (État)$0(CaQQLa)201-0395184
=650  \6$aPresse ouvrière$0(CaQQLa)201-0028804$zWashington (État)$0(CaQQLa)201-0395184
=651  \6$aWashington (État)$xPolitique et gouvernement$y1889-1950.$0(CaQQLa)201-0106083
=651  \6$aWashington (État)$xPolitique et gouvernement$y1951-$0(CaQQLa)201-0106088
=600  17$aBone, Homer Truett,$d1883-1970.$2fast$0(OCoLC)fst00209235
=600  17$aHupp, Clyde H.$2fast$0(OCoLC)fst00243235
=600  17$aMagnuson, Warren G.$q(Warren Grant),$d1905-1989.$2fast$0(OCoLC)fst01758788
=600  17$aMcIlvaigh, Harry S.$2fast$0(OCoLC)fst00243234
=610  27$aAFL-CIO.$2fast$0(OCoLC)fst00535365
=610  27$aLabor Temple Corporation (Tacoma, Wash.)$2fast$0(OCoLC)fst00643455
=610  27$aPierce County Central Labor Council (Wash.).$bPolitician Education Pierce County Committee.$2fast$0(OCoLC)fst00643458
=610  27$aTacoma Central Labor Council.$bLabor Day Committee.$2fast$0(OCoLC)fst00643459
=610  27$aTacoma Central Labor Council.$bMother Robinson Committee.$2fast$0(OCoLC)fst00643460
=610  27$aUnited Labor Advisory Committee (Pierce County, Wash.)$2fast$0(OCoLC)fst00643461
=610  27$aWashington State Apprenticeship Council.$2fast$0(OCoLC)fst00643464
=610  27$aWashington State Committee on Apprentice Training.$2fast$0(OCoLC)fst00643462
=610  27$aWomen's Union Card and Label League (Tacoma, Wash.)$2fast$0(OCoLC)fst00643454
=650  \7$aAmerican newspapers.$2fast$0(OCoLC)fst00807293
=650  \7$aApprentices.$2fast$0(OCoLC)fst00811788
=650  \7$aLabor Day.$2fast$0(OCoLC)fst00989855
=650  \7$aLabor journalism.$2fast$0(OCoLC)fst00989966
=650  \7$aLabor unions.$2fast$0(OCoLC)fst00990260
=650  \7$aPolitics and government.$2fast$0(OCoLC)fst01919741
=650  \7$aWomen labor union members.$2fast$0(OCoLC)fst01178089
=651  \7$aWashington (State)$2fast$0(OCoLC)fst01204703
=648  \7$aSince 1889$2fast
=655  \7$aaudiotapes.$2aat$0(CStmoGRI)aatgf300028653
=655  \7$amicrofilms.$2aat$0(CStmoGRI)aatgf300028598
=655  \7$aInterviews.$2fast$0(OCoLC)fst01423832
=655  \7$aPersonal correspondence.$2fast$0(OCoLC)fst01919948
=655  \7$aInterviews.$2ftamc
=655  \7$aTranscripts.$2ftamc
=655  \7$aResolutions.$2ftamc
=710  2\$aPierce County Industrial Union Council (Pierce County, Wash.),$eassociated name.
=710  2\$aTacoma Central Labor Council,$eassociated name.
=710  2\$aTacoma Trades Council,$eassociated name.
=710  2\$aLabor Archives of Washington,$ecurator.
=856  42$uhttp://archiveswest.orbiscascade.org/ark:/80444/xv00503/$zConnect to the online finding aid for this collection.
=049  \\$aWAUW

