=LDR  06603cpc a2200793 i 4500
=001  1033618154
=008  180502i19272000wau\\\\\\\\\\\\\\\\\eng\d
=005  20220403082511.6
=040  \\$aWAU$beng$edacs$erda$cWAU$dOCLCF$dOCLCA$dWAU$dOCLCO
=046  \\$k1927$l2000$2edtf
=110  2\$aProfessional & Technical Employees.$bLocal 17,$ecreator.
=245  10$aProfessional & Technical Employees, Local 17 records.
=264  \0$c1927-2000
=300  \\$a8.1$fcubic feet$a(14 boxes plus 1 oversize folder)
=336  \\$atext$btxt$2rdacontent
=337  \\$aunmediated$bn$2rdamedia
=338  \\$asheet$bnb$2rdacarrier
=386  \\$aCreator characteristics if creator is personal name (only for sole creator).
=500  \\$aForms a part of the Labor Archives of Washington.
=545  1\$aThe history of the International Federation of Professional and Technical Engineers or IFPTE, can be traced back to 1914, when technical employees had no significant union representation. The first organization of technical employees was the Society of Marine Draftsmen, established in 1913 and ran by the upper management of the shipbuilding companies. The Society held its first convention in 1914, approving some minor resolutions while refusing wage increases. The Society disbanded shortly after, but the employees at the Norfolk Naval Shipyard in Virginia seized the opportunity to form their own union, Draftsmen Union No, 15327, with a charter from the American Federation of Labor (AFL). These organized employees later became IFPTE, Local 1, becoming one of the first official federal unions. In less than four years, Draftsmen Union No, 15327, expanded to become the International Federation of Draftsmen's Unions founded on July 1, 1918 when the AFL granted another charter to start a new labor organization representing technical engineering employees. The International Federation of Draftsmen's Unions charters included Local 1, Portsmouth, Virginia; Local 2, New York, New York; Local 3, Philadelphia, Pennsylvania; Local 4, Portsmouth, New Hampshire; Local 5, Newport, Rhode Island; Local 6, Charleston, South Carolina; Local 7, Quincy, Massachusetts; Local 8, Vallejo, California; and Local 12, Bremerton, Washington. For full historical note, see online finding aid.
=520  2\$aThese records are arranged into eleven series: compensation and class specifications, meeting notes, financial records, Puget Sound Power and Light Company, letters, agreements, organizing services, San Francisco chapter, union-related publications, 2000 convention, and union paraphernalia. Compensation and class specifications provide insight into the duties, titles, salary, and benefits of technical workers from 1928 to 1964. Financial records were arranged by year. Puget Sound Power and Light Company includes organization charts, National Labor Relations Board petition and briefs, and information on strike issues. Letters were arranged by topic and date. Agreements include multiple contracts concerning trade workers: Coulee Dam engineers, Pacific Coast Shipbuilders, public utilities workers, log scalers, technical engineers, architects, and the Seattle Metal Trades Council. Organizing services is divided between Boeing-related literature and general organizing letters and reports. Union-related publications include membership materials, copies of biographical drafts, and IFPTE's West Coast Engineer Newsletters arranged by date, from 1981-1996. Union paraphernalia contains a labor songbook and photo negatives on wooden printing blocks.
=506  1\$aNo restrictions on access.
=540  \\$aCreator's copyrights transferred to the University of Washington Libraries Special Collections.
=610  20$aProfessional & Technical Employees.$bLocal 17$vArchives.
=650  \0$aLabor unions$zWashington (State)
=650  \0$aLabor unions$zOregon.
=650  \0$aLabor union members$zOregon.
=650  \0$aLabor union members$zWashington (State)
=650  \0$aLabor$zWashington (State)
=650  \0$aLabor$zOregon.
=650  \0$aLabor movement$zWashington (State)
=650  \0$aLabor movement$zOregon.
=650  \0$aLabor unions$zOregon$vCongresses.
=650  \0$aLabor union members$zWashington (State)$vCongresses.
=650  \0$aContracts for work and labor$zOregon.
=650  \0$aContracts for work and labor$zWashington (State)
=650  \6$aSyndicats$0(CaQQLa)201-0007001$zWashington (État)$0(CaQQLa)201-0395184
=650  \6$aSyndicats$0(CaQQLa)201-0007001$zOregon.$0(CaQQLa)201-0460845
=650  \6$aSyndiqués$0(CaQQLa)201-0268551$zOregon.$0(CaQQLa)201-0460845
=650  \6$aSyndiqués$0(CaQQLa)201-0268551$zWashington (État)$0(CaQQLa)201-0395184
=650  \6$aTravail$0(CaQQLa)201-0093408$zWashington (État)$0(CaQQLa)201-0395184
=650  \6$aTravail$0(CaQQLa)201-0093408$zOregon.$0(CaQQLa)201-0460845
=650  \6$aMouvement ouvrier$0(CaQQLa)201-0078721$zWashington (État)$0(CaQQLa)201-0395184
=650  \6$aMouvement ouvrier$0(CaQQLa)201-0078721$zOregon.$0(CaQQLa)201-0460845
=650  \6$aSyndicats$0(CaQQLa)201-0007001$zOregon$0(CaQQLa)201-0460845$vCongrès.$0(CaQQLa)201-0378219
=650  \6$aSyndiqués$0(CaQQLa)201-0268551$zWashington (État)$0(CaQQLa)201-0395184$vCongrès.$0(CaQQLa)201-0378219
=650  \7$aContracts for work and labor.$2fast$0(OCoLC)fst00877017
=650  \7$aLabor.$2fast$0(OCoLC)fst00989798
=650  \7$aLabor movement.$2fast$0(OCoLC)fst00990079
=650  \7$aLabor union members.$2fast$0(OCoLC)fst00990256
=650  \7$aLabor unions.$2fast$0(OCoLC)fst00990260
=651  \7$aOregon.$2fast$0(OCoLC)fst01204579
=651  \7$aWashington (State)$2fast$0(OCoLC)fst01204703
=655  \2$aEphemera$0(DNLM)D019502
=655  \7$aprinted ephemera.$2aat$0(CStmoGRI)aatgf300264821
=655  \7$aArchives.$2fast$0(OCoLC)fst01423700
=655  \7$aConference papers and proceedings.$2fast$0(OCoLC)fst01423772
=655  \7$aEphemera.$2fast$0(OCoLC)fst01919921
=655  \7$aMinutes (Records)$2fast$0(OCoLC)fst01919940
=655  \7$aRecords (Documents)$2fast$0(OCoLC)fst01919961
=655  \7$aRecords (Documents)$2lcgft
=655  \7$aMinutes (Records)$2lcgft
=655  \7$aEphemera.$2lcgft
=655  \7$aDocuments administratifs.$2rvmgf$0(CaQQLa)RVMGF-000001054
=655  \7$aProcès-verbaux.$2rvmgf$0(CaQQLa)RVMGF-000001222
=655  \7$aDocuments éphémères.$2rvmgf$0(CaQQLa)RVMGF-000001046
=710  2\$aLabor Archives of Washington,$ecurator.
=856  42$uhttp://archiveswest.orbiscascade.org/ark:/80444/xv33450$zConnect to the online finding aid for this collection.
=049  \\$aWAUW

