=LDR  02371cpcaa22002773i 4500
=001  1390461048
=008  230714i19301991xx\\\\\\\\\\\\\\\\\\eng\d
=005  20230714183325.3
=040  \\$aWAU$beng$erda$edacs$cWAU$dWAU
=100  1\$aRanta, Toivo,$ecreator.
=245  10$aToivo Ranta photographs and papers.
=264  \0$capproximately 1930-1960, 1991 (bulk 1930-1960).
=300  \\$a0.23 cubic feet$a(1 box)
=336  \\$atext$btxt$2rdacontent
=337  \\$aunmediated$bn$2rdamedia
=338  \\$asheet$bnb$2rdacarrier
=351  \\$aMaterials are arranged by material type.
=545  0\$aToivo Ranta worked as a commercial fisherman from the 1930s through the 1950s. Ranta and his brother emigrated from Finland to join their father in Alaska working summers for the Alaska Packers' Association and Libby, McNeill and Libby. Both companies manufactured and packaged canned salmon. Ranta worked as a fisherman during the early days of commercial salmon fishing in the Pacific Ocean, off the coast of Washington, Canada, and Alaska. He also worked during the transition from the industry being fleets of smaller sailing ships to larger ships with internal combustion engines. Ranta left the fishing industry during this transition and his family started a plywood mill in Port Angeles, Washington to replace fishing as their main economic activity.
=520  2\$aMaterials include photographs and fishing "tally books" that document Toivo Ranta's career as a commercial fisherman in Alaska primarily from 1930 to 1960. The tally books are a record of the daily catch offloaded from fishing boats and the photographs show workers fishing, fishing vessels, various locations in Alaska, and Ranta's family and friends. Some photos record the transition from sailing ships to internal combustion power ships in Bristol Bay. One image shows a fleet of new stern-pickers lined up outside Bryant's Marina in Portage Bay.
=506  \\$aNo restrictions on access.
=540  \\$aCreator's copyrights transferred to the University of Washington Libraries Special Collections.
=541  \\$aMaterials donated by Rick Ranta, 2013-10-03.
=546  \\$aCollection materials are in English.
=500  \\$aForms part of the Labor Archives of Washington.
=856  42$uhttp://archiveswest.orbiscascade.org/ark:/80444/xv241027$zConnect to the online finding aid for this collection
=049  \\$aWAUW

