=LDR  00814cpcaa22001817a 4500
=001  123950031
=008  070503i19411955xx\\\\\\\\\\\\\\\\\\eng\d
=005  20230628201832.5
=040  \\$aWAU$beng$cWAU$dWAU$dOCLCQ$dWAU
=100  1\$aRetail Clerks International Protective Association. Local 186 (Enumclaw, Wash.)
=245  10$aRetail Clerks International Protective Association. Local 186 records,$f1941-1955.
=300  \\$a0.03 cubic ft. (1 folder)
=520  2\$aMinutes; 1941-1955.
=506  \\$aOpen to all users.
=540  \\$aCreator's literary rights transferred to the University of Washington Libraries.
=555  0\$aFinding aid available in the repository and on the World Wide Web.
=856  42$uhttps://archiveswest.orbiscascade.org/ark:80444/xv02499$zConnect to the online finding aid for this collection.
=049  \\$aWAUW

