=LDR  06467cpcaa2200817 i 4500
=001  899244857
=008  150106i19601999wau\\\\\\\\\\\\\\\\\eng\d
=005  20220402142701.5
=040  \\$aWAU$beng$erda$edacs$cWAU$dWAU$dOCLCQ$dWAU$dOCLCF$dWAU$dOCLCO
=046  \\$o1960$p1999$2edtf
=100  1\$aRice, Rick,$d1940-$ecreator.
=245  10$aRick Rice papers
=264  \0$capproximately 1960-1999.
=300  \\$a2.44 cubic feet$a(3 boxes)
=336  \\$atext$btxt$2rdacontent
=337  \\$aunmediated$bn$2rdamedia
=338  \\$asheet$bnb$2rdacarrier
=386  \\$aMen$2lcdgt
=386  \\$aActivists$2lcdgt
=386  \\$aWashingtontonians (Washington State)$2lcdgt
=541  \\$cDonated by:$aRick Rice,$dJanuary 9, 2012.
=545  0\$aRichard "Rick" Rice was born in 1940 and grew up in Huntington Beach, California. Rice attended the University of California at Berkeley before moving to New York City and then to Seattle in the early 1970s. Rice was active in the student, anti-war, and civil rights movements of the 1960s and 1970s. Rice worked as a bus driver for Metro Transit for four years, where he was an active union member and a member of a rank-and-file caucus committe. Rice participated in a Metro Transit strike in 1974. During the 70s and 80s, Rice was an activist in several local organizations such as Committee for Solidarity with the People of El Salvador (CISPES), the Venceremos Brigade, and the Anti-apartheid movement. Rice participated in weekly protests in front of the South African consulate in Seattle during this period. His wife, Roselynn Harrell (also known as Rose Woodward) was also a Seattle metro driver and a social and labor activist. Harrell was involved in South Seattle Community College's Women's Employment Network and was a welder. Rice and Harrell worked for two years at a Uniroyal and Firestone tire plant in Long Beach California in an effort to organize it politically as an outgrowth of their activism as members of the socialist organization Line of March. Line of March was a Marxist-Leninist organization that inspired many New Left student activists to become "proletarianized" workers who would find work in industry and radicalize other workers. During the 1990s, Rice was active in the Seattle area efforts to create a Labor Party and attended conferences on behalf of the effort. Rice's second wife, Kate Thompson is an artist and an activist and many of the prints in this collection are hers. Thompson was a cofounder and coowner of Storefront Press in Seattle. As of 2014, Rice lives in Mexico.
=520  2\$aMaterials relating to Rick Rice's activism and career in various industries. Formats include posters, flyers, photographs, pamphlets, booklets, and ephemera that document his activism and worklife. Rice was active in the student, anti-war, and civil rights movements of the 1960s and 1970s. Materials include records from his participation as a striking bus driver in the Seattle Metro Transit Strike of 1974. The collection includes materials from Rice's activism from the 1960s-1990s, including organizations such as the Committee for Solidarity with the People of El Salvador (CISPES), the Venceremos Brigade (a Cuban solidarity organization), the Anti-Apartheid movement, Teamsters for a Democratic Union, various labor rank-and-file committees, and a variety of socialist organizations. Materials also reflect Rice's involvement with Jobs with Justice. Other materials relate to solidarity work for the 1989 Puget Sound Grocery Workers Strike. Solidarity with Nicaragua, Canto, and Line of March. His wife, Roselynn Harrell (also known as Rose Woodward) was also a Seattle metro driver and a social and labor activist.
=500  \\$aForms part of the Labor Archives of Washington.
=506  \\$aOpen to all users.
=540  \\$aCreator's literary rights transferred to the University of Washington Libraries.
=600  10$aRice, Rick,$d1940-$vArchives
=610  10$aKing County (Wash.).$bTransit Division$xEmployees.
=610  20$aVenceremos Brigade.
=610  20$aAnti-Apartheid Movement.
=650  \0$aCivil rights workers$zWashington (State)
=650  \0$aLabor$zWashington (State)
=650  \0$aLabor unions$zWashington (State)
=650  \0$aLabor movement$zWashington (State)
=650  \6$aDéfenseurs des droits de l'homme$0(CaQQLa)201-0071411$zWashington (État)$0(CaQQLa)201-0395184
=650  \6$aTravail$0(CaQQLa)201-0093408$zWashington (État)$0(CaQQLa)201-0395184
=650  \6$aSyndicats$0(CaQQLa)201-0007001$zWashington (État)$0(CaQQLa)201-0395184
=650  \6$aMouvement ouvrier$0(CaQQLa)201-0078721$zWashington (État)$0(CaQQLa)201-0395184
=610  27$aAnti-Apartheid Movement.$2fast$0(OCoLC)fst00518407
=610  17$aKing County (Wash.).$bTransit Division.$2fast$0(OCoLC)fst00722769
=610  27$aVenceremos Brigade.$2fast$0(OCoLC)fst01165119
=650  \7$aCivil rights workers.$2fast$0(OCoLC)fst00862721
=650  \7$aEmployees.$2fast$0(OCoLC)fst00909111
=650  \7$aLabor.$2fast$0(OCoLC)fst00989798
=650  \7$aLabor movement.$2fast$0(OCoLC)fst00990079
=650  \7$aLabor unions.$2fast$0(OCoLC)fst00990260
=651  \7$aWashington (State)$2fast$0(OCoLC)fst01204703
=655  \2$aPhotograph$0(DNLM)D059036
=655  \2$aPoster$0(DNLM)D019519
=655  \2$aEphemera$0(DNLM)D019502
=655  \7$aphotographs.$2aat$0(CStmoGRI)aatgf300046300
=655  \7$aposters.$2aat$0(CStmoGRI)aatgf300027221
=655  \7$aprinted ephemera.$2aat$0(CStmoGRI)aatgf300264821
=655  \7$aArchives.$2fast$0(OCoLC)fst01423700
=655  \7$aEphemera.$2fast$0(OCoLC)fst01919921
=655  \7$aFliers (Ephemera)$2fast$0(OCoLC)fst01986222
=655  \7$aPhotographs.$2fast$0(OCoLC)fst01423689
=655  \7$aPosters.$2fast$0(OCoLC)fst01423847
=655  \7$aTracts (Ephemera)$2fast$0(OCoLC)fst01922572
=655  \7$aPhotographs.$2lcgft
=655  \7$aPosters.$2lcgft
=655  \7$aFliers (Ephemera)$2lcgft
=655  \7$aTracts (Ephemera)$2lcgft
=655  \7$aEphemera.$2lcgft
=655  \7$aPhotographies.$2rvmgf$0(CaQQLa)RVMGF-000001676
=655  \7$aAffiches.$2rvmgf$0(CaQQLa)RVMGF-000001052
=655  \7$aTracts.$2rvmgf$0(CaQQLa)RVMGF-000001231
=655  \7$aDocuments éphémères.$2rvmgf$0(CaQQLa)RVMGF-000001046
=710  2\$aLabor Archives of Washington,$ecurator.
=856  42$uhttp://archiveswest.orbiscascade.org/ark:/80444/xv33679$zConnect to the online finding aid for this collection.
=049  \\$aWAUW

