=LDR  01990cpcaa22003613i 4500
=001  123953013
=008  070503i19231994xx\\\\\\\\\\\\\\\\\\eng\d
=005  20220531084856.5
=040  \\$aWAU$beng$edacs$cWAU$dWAU$dOCLCF$dWAU$dOCLCO
=100  1\$aRojo, Trinidad.
=245  10$aTrinidad Rojo papers,$f1923-1994
=300  \\$a7.47 cubic ft (13 boxes)
=545  0\$aFilipino author, sociologist, labor union official. Rojo was a president of ILWU No. 7. He was a student at the University of Washington and at Stanford, where he was a research fellow.
=520  2\$aWritings (articles, plays, poems, lyrics), correspondence, ephemera, photographs.
=506  \\$aAccess may be restricted. Contact Special Collections for details.
=540  \\$aSome restrictions exist on duplication, quotation, or publication. Contact the repository for details
=555  0\$aFinding aid available in the repository and on the World Wide Web.
=600  10$aRojo, Trinidad$vArchives.
=610  20$aCannery Workers and Farm Laborers Union.$bLocal 7 (Seattle, Wash.)
=610  20$aInternational Longshoremen's and Warehousemen's Union.
=610  20$aInternational Longshoremen's and Warehousemen's Union.$bLocal 37.
=610  20$aFilipino Alumni Association (University of Washington)
=650  \0$aLabor unions$xOfficials and employees.
=651  \0$aPhilippines.
=650  \6$aSyndicats$xPersonnel.$0(CaQQLa)201-0053806
=600  17$aRojo, Trinidad.$2fast$0(OCoLC)fst00241042
=610  27$aCannery Workers and Farm Laborers Union.$bLocal 7 (Seattle, Wash.)$2fast$0(OCoLC)fst01488054
=610  27$aInternational Longshoremen's and Warehousemen's Union.$2fast$0(OCoLC)fst00535607
=650  \7$aLabor unions$xOfficials and employees.$2fast$0(OCoLC)fst00990289
=651  \7$aPhilippines.$2fast$0(OCoLC)fst01205261
=655  \7$aArchives.$2fast$0(OCoLC)fst01423700
=856  42$uhttps://archiveswest.orbiscascade.org/ark:/80444/xv15371/$zConnect to the online finding aid for this collection
=049  \\$aWAUW

