=LDR  04858cpcaa2200781 i 4500
=001  123953573
=008  070503i19581985wau\\\\\\\\\\\\\\\\\eng\d
=005  20220725024422.8
=040  \\$aWAU$beng$erda$edacs$cWAU$dWAU$dOCLCO$dOCLCQ$dWAU$dOCLCO$dOCLCF$dOCLCO$dOCL
=041  0\$heng
=043  \\$an-us-wa
=046  \\$o1958$p1985$2edtf
=110  2\$aSeattle Education Association,$ecreator.
=245  10$aSeattle Education Association records.
=264  \0$c1958-1985
=300  \\$aapproximately 3 cubic ft.
=336  \\$atext$btxt$2rdacontent
=337  \\$aunmediated$bn$2rdamedia
=338  \\$asheet$bnb$2rdacarrier
=386  \\$aWashingtonians (Washington State)$2lcdgt
=545  1\$aSeattle Education Association was formerly called Seattle Teachers' Association, which had been established in 1958. The name changed in 1985. It was concerned with the relationship of the Seattle public schools and various affiliates of Washington Education Association. Affiliated with the Washington Education Association (WEA) and the National Education Association (NEA), and also collaborated with the Local 609 and the Operating Engineers Union, two unions associated with building maintenance in Seattle Schools.
=520  \\$aCorrespondence, minutes, newsletters, clippings.
=500  \\$aForms a part of the Labor Archives of Washington.
=506  \\$aOpen to all users.
=540  \\$aCreator's literary rights transferred to the University of Washington Libraries.
=541  \\$cDonated by:$aSeattle Education Association,$dAugust 22, 1989
=610  20$aSeattle Education Association$vArchives.
=650  \0$aTeachers' unions$zWashington (State)$zSeattle$vArchives.
=650  \0$aTeachers$zWashington (State)$zSeattle$xSocieties, etc.$vArchives.
=650  \0$aTeachers' unions$zWashington (State)$zSeattle$xHistory$vSources.
=650  \0$aTeachers$zWashington (State)$zSeattle$xSocieties, etc.$xHistory$vSources.
=650  \0$aLabor$zWashington (State)$zSeattle$xHistory$vSources.
=650  \0$aLabor unions$zWashington (State)$zSeattle$xHistory$vSources.
=650  \0$aLabor movement$zWashington (State)$zSeattle$xHistory$vSources.
=650  \6$aEnseignants$0(CaQQLa)201-0052867$zWashington (État)$0(CaQQLa)201-0394837$zSeattle$0(CaQQLa)201-0394837$xAssociations$0(CaQQLa)201-0052867$vArchives.$0(CaQQLa)201-0378256
=650  \6$aEnseignants$0(CaQQLa)201-0052867$zWashington (État)$0(CaQQLa)201-0394837$zSeattle$0(CaQQLa)201-0394837$xAssociations$0(CaQQLa)201-0052867$xHistoire$0(CaQQLa)201-0382350$vSources.$0(CaQQLa)201-0382350
=650  \6$aTravail$0(CaQQLa)201-0093408$zWashington (État)$0(CaQQLa)201-0394837$zSeattle$0(CaQQLa)201-0394837$xHistoire$0(CaQQLa)201-0382350$vSources.$0(CaQQLa)201-0382350
=650  \6$aSyndicats$0(CaQQLa)201-0007001$zWashington (État)$0(CaQQLa)201-0394837$zSeattle$0(CaQQLa)201-0394837$xHistoire$0(CaQQLa)201-0382350$vSources.$0(CaQQLa)201-0382350
=650  \6$aMouvement ouvrier$0(CaQQLa)201-0078721$zWashington (État)$0(CaQQLa)201-0394837$zSeattle$0(CaQQLa)201-0394837$xHistoire$0(CaQQLa)201-0382350$vSources.$0(CaQQLa)201-0382350
=650  \7$aLabor.$2fast$0(OCoLC)fst00989798
=650  \7$aLabor movement.$2fast$0(OCoLC)fst00990079
=650  \7$aLabor unions.$2fast$0(OCoLC)fst00990260
=650  \7$aTeachers$xSocieties, etc.$2fast$0(OCoLC)fst01144384
=650  \7$aTeachers' unions.$2fast$0(OCoLC)fst01144535
=651  \7$aWashington (State)$zSeattle.$2fast$0(OCoLC)fst01204940
=655  \7$aNewsletters.$2fast$0(OCoLC)fst01919943
=655  \7$anewsletters.$2aat$0(CStmoGRI)aatgf300026652
=655  \7$anewspaper clippings.$2aat$0(CStmoGRI)aatgf300429554
=655  \7$acommercial correspondence.$2aat$0(CStmoGRI)aatgf300026914
=655  \7$aprinted ephemera.$2aat$0(CStmoGRI)aatgf300264821
=655  \7$aArchives.$2fast$0(OCoLC)fst01423700
=655  \7$aBusiness correspondence.$2fast$0(OCoLC)fst01919897
=655  \7$aEphemera.$2fast$0(OCoLC)fst01919921
=655  \7$aHistory.$2fast$0(OCoLC)fst01411628
=655  \7$aMinutes (Records)$2fast$0(OCoLC)fst01919940
=655  \7$aSources.$2fast$0(OCoLC)fst01423900
=655  \7$aBusiness correspondence.$2lcgft
=655  \7$aMinutes (Records)$2lcgft
=655  \7$aEphemera.$2lcgft
=655  \7$aNewsletters.$2lcgft
=655  \7$aLettres d'informations.$2rvmgf$0(CaQQLa)RVMGF-000001104
=655  \7$aCorrespondance commerciale.$2rvmgf$0(CaQQLa)RVMGF-000001162
=655  \7$aProcès-verbaux.$2rvmgf$0(CaQQLa)RVMGF-000001222
=655  \7$aDocuments éphémères.$2rvmgf$0(CaQQLa)RVMGF-000001046
=710  2\$aLabor Archives of Washington,$ecurator.
=856  42$uhttp://archiveswest.orbiscascade.org/ark:/80444/xv81286$zConnect to the finding aid for this collection.
=856  42$uhttp://archiveswest.orbiscascade.org/ark:/80444/xv99819$zConnect to related finding aid
=049  \\$aWAUW

