=LDR  05270cpcaa22007937i 4500
=001  28409384
=008  880810i19581969wau\\\\\\\\\\\\\\\\\eng\d
=005  20220725152234.4
=010  \\$a   88797710 $bms 87001733 
=040  \\$aWaU$beng$erda$edacs$cDLC$dWAU$dNUCMC$dWAU$dOCLCF$dOCLCA$dWAU$dOCLCO$dOCLCA$dWAU$dOCLCO$dOCLCQ
=041  0\$heng
=043  \\$an-us-wa
=046  \\$o1958$p1969$2edtf
=110  2\$aSeattle Teachers' Association (Seattle, Wash.),$ecreator.
=245  10$aSeattle Teachers' Association records.
=264  \0$c1958-1969
=300  \\$a16.32 cubic feet$a(15 boxes)
=336  \\$atext$btxt$2rdacontent
=337  \\$aunmediated$bn$2rdamedia
=338  \\$asheet$bnb$2rdacarrier
=545  1\$aThe Seattle Teachers' Association was established in 1958. It was concerned with the relationship of the Seattle public schools and various affiliates of Washington Education Association. The STA was affiliated with the Washington Education Association (WEA) and the National Education Association (NEA), and also collaborated with the Local 609 and the Operating Engineers Union, two unions associated with building maintenance in Seattle Schools. In 1985, the STA changed its name to the Seattle Education Association.
=520  2\$aCorrespondence, minutes, financial records, subject files, and committee records, concerning the association and its relation to Seattle public schools and various affiliates of Washington Education Association.
=506  \\$aAccess restricted: For terms of access, contact Special Collections.
=540  \\$aCreator's literary rights not transferred to the University of Washington Libraries.
=500  \\$aForms a part of the Labor Archives of Washington.
=541  \\$aDonated by: Seattle Teachers' Association,$d1970.
=610  20$aSeattle Teachers' Association (Seattle, Wash.)$vArchives.
=650  \0$aTeachers' unions$zWashington (State)$zSeattle$vArchives.
=650  \0$aTeachers$zWashington (State)$zSeattle$xSocieties, etc.$vArchives.
=650  \0$aTeachers' unions$zWashington (State)$zSeattle$xHistory$vSources.
=650  \0$aTeachers$zWashington (State)$zSeattle$xSocieties, etc.$xHistory$vSources.
=650  \0$aLabor$zWashington (State)$zSeattle$xHistory$vSources.
=650  \0$aLabor unions$zWashington (State)$zSeattle$xHistory$vSources.
=650  \0$aLabor movement$zWashington (State)$zSeattle$xHistory$vSources.
=650  \6$aEnseignants$0(CaQQLa)201-0052867$zWashington (État)$0(CaQQLa)201-0394837$zSeattle$0(CaQQLa)201-0394837$xAssociations$0(CaQQLa)201-0052867$vArchives.$0(CaQQLa)201-0378256
=650  \6$aEnseignants$0(CaQQLa)201-0052867$zWashington (État)$0(CaQQLa)201-0394837$zSeattle$0(CaQQLa)201-0394837$xAssociations$0(CaQQLa)201-0052867$xHistoire$0(CaQQLa)201-0382350$vSources.$0(CaQQLa)201-0382350
=650  \6$aTravail$0(CaQQLa)201-0093408$zWashington (État)$0(CaQQLa)201-0394837$zSeattle$0(CaQQLa)201-0394837$xHistoire$0(CaQQLa)201-0382350$vSources.$0(CaQQLa)201-0382350
=650  \6$aSyndicats$0(CaQQLa)201-0007001$zWashington (État)$0(CaQQLa)201-0394837$zSeattle$0(CaQQLa)201-0394837$xHistoire$0(CaQQLa)201-0382350$vSources.$0(CaQQLa)201-0382350
=650  \6$aMouvement ouvrier$0(CaQQLa)201-0078721$zWashington (État)$0(CaQQLa)201-0394837$zSeattle$0(CaQQLa)201-0394837$xHistoire$0(CaQQLa)201-0382350$vSources.$0(CaQQLa)201-0382350
=610  27$aSeattle Teachers' Association (Seattle, Wash.)$2fast$0(OCoLC)fst01485030
=650  \7$aLabor.$2fast$0(OCoLC)fst00989798
=650  \7$aLabor movement.$2fast$0(OCoLC)fst00990079
=650  \7$aLabor unions.$2fast$0(OCoLC)fst00990260
=650  \7$aTeachers$xSocieties, etc.$2fast$0(OCoLC)fst01144384
=650  \7$aTeachers' unions.$2fast$0(OCoLC)fst01144535
=651  \7$aWashington (State)$zSeattle.$2fast$0(OCoLC)fst01204940
=655  \7$afinancial records.$2aat$0(CStmoGRI)aatgf300027473
=655  \7$afiles (document groupings)$2aat$0(CStmoGRI)aatgf300026942
=655  \7$acommercial correspondence.$2aat$0(CStmoGRI)aatgf300026914
=655  \7$aminute books.$2aat$0(CStmoGRI)aatgf300135375
=655  \7$aminutes (administrative records)$2aat$0(CStmoGRI)aatgf300027440
=655  \7$abusiness records.$2aat$0(CStmoGRI)aatgf300141693
=655  \7$arecords (documents)$2aat$0(CStmoGRI)aatgf300026685
=655  \7$aArchives.$2fast$0(OCoLC)fst01423700
=655  \7$aBusiness correspondence.$2fast$0(OCoLC)fst01919897
=655  \7$aHistory.$2fast$0(OCoLC)fst01411628
=655  \7$aMinutes (Records)$2fast$0(OCoLC)fst01919940
=655  \7$aRecords (Documents)$2fast$0(OCoLC)fst01919961
=655  \7$aSources.$2fast$0(OCoLC)fst01423900
=655  \7$aBusiness correspondence.$2lcgft
=655  \7$aMinutes (Records)$2lcgft
=655  \7$aRecords (Documents)$2lcgft
=655  \7$aCorrespondance commerciale.$2rvmgf$0(CaQQLa)RVMGF-000001162
=655  \7$aProcès-verbaux.$2rvmgf$0(CaQQLa)RVMGF-000001222
=655  \7$aDocuments administratifs.$2rvmgf$0(CaQQLa)RVMGF-000001054
=710  2\$aLabor Archives of Washington,$ecurator.
=856  42$uhttp://archiveswest.orbiscascade.org/ark:/80444/xv99819$zConnect to the finding aid for this collection.
=856  42$uhttp://archiveswest.orbiscascade.org/ark:/80444/xv81286$zConnect to related finding aid
=049  \\$aWAUW

