=LDR  01720cpcaa22001933  4500
=001  709924175
=008  110330i19241989xx\\\\\\\\\\\\\\\\\\eng\d
=005  20170304212649.0
=040  \\$aWAU$beng$cWAU$dWAU$dOCLCO$dOCLCQ$dOCLCO
=110  2\$aService Employees International Union.$bLocal 120 (Everett, Wash.)
=245  10$aService Employees International Union. Local 120 records,$f1924-1989$b(bulk 1940-1980).
=300  \\$a3.47 cubic ft. (6 boxes)
=520  2\$aMinutes and financial records from the period 1924-1989.
=545  1\$aThe Building Service Employees International Union changed their name to the Service Employees International Union in 1968. The records were collected by SEIU Local 925's Everett's office from their successor locals and affiliated organizations. BSEIU Local 108 merged into BSEIU Local 120 in 1960, which in turn merged with SEIU Local 925 around July of 2001. The successor organization, SEIU Local 925, is comprised of the public sector employees of the former locals. Minutes of the Bellingham Central Labor Council are part of the collection, apparently because it was within BSEIU Local 108's geographic and occupational jurisdiction of Bellingham Washington before they merged with Local 120.
=506  \\$aOpen to all users.
=540  \\$aCreator's literary rights transferred to the University of Washington Libraries.
=555  0\$aA finding aid to the papers is available in the Special Collections Division of the University of Washington Libraries and on the World Wide Web.
=856  42$uhttp://www.lib.washington.edu/specialcoll/findaids/docs/papersrecords/ServiceEmployeesInternationalUnionLocal120EverettWash5576.xml$zConnect to the online finding aid for this collection
=049  \\$aWAUW

