=LDR  10123cpc a2201285 i 4500
=001  123953916
=008  070503i19301986wau\\\\\\\\\\\\\\\\\eng\d
=005  20230628204045.0
=040  \\$aWAU$beng$erda$edacs$cWAU$dWAU$dOCLCQ$dWAU$dOCLCO$dOCLCF$dOCLCO$dWAU$dOCLCO$dWAU$dOCLCO$dWAU$dOCLCO$dOCL$dWAU
=041  0\$heng
=046  \\$o1930~$p1996~$2edtf
=110  2\$aShip Scalers, Dry Dock, and Boat Yard Workers Union.$bLocal 541 (Seattle, Wash.),$ecreator.
=245  10$aShip Scalers Dry Dock and Boat Yard Workers Union, Local 541 records.
=264  \0$capproximately 1930-1996
=300  \\$a21 cubic feet$a(21 boxes)
=336  \\$atext$btxt$2rdacontent
=336  \\$astill image$bsti$2rdacontent
=337  \\$aunmediated$bn$2rdamedia
=338  \\$asheet$bnb$2rdacarrier
=351  \\$aAccession 4571-001: Series I: Constitutions, Charters, Preambles, and By Laws, 1955-1986; Series II: Minutes, 1939-1986; Series III: Financial Records, 1946-1988; Series IV: Correspondence, 1939-1987; Series V: Subject Files, 1944-1987; Series VI: Legal Files, 1943-1991; Series VII: Member Files (Restricted), 1944-1986; Series VIII: Employer Files, 1967-1986; Series IX: Photographs and Posters, 1942-1985. Accession 4571-002: Series I: Pablo O'Higgins Mural, 1975-1983; Series II: Robert A. Barnes Files, 1977-1988 (inclusive); Series III: Legal Subject Files, 1955-1987 (inclusive); Series IV: Constitutions, 1971(inclusive); Series V: Meeting Minutes, 1968-1986; Series VI: Internal Tensions, 1951-1987; Series VII: Correspondence, 1951-1985; Series VIII: Strikes and Grievances, 1946-1986; Series IX: Elections Posters, 1982-1983.
=386  \\$aWashingtonians (Washington State)$2lcdgt
=541  \\$cDonated by:$aBob Barnes, former Secretary/Treasurer,$dMay 7, 1996; August 8, 2011.
=545  1\$aShip Scalers Union, Local 541 represented ship scalers working in the Seattle area from the 1930s until 1986. Ship scalers clean the interior and exterior of ships, scraping and sandblasting, mopping up fuel from tanks, and removing debris. The work is considered some of the most unpleasant, dangerous, and poorly paid in the shipbuilding industry. After World War II a majority of the members of the local were African Americans. The local had a series of conflicts with the international to which it belonged, centering around efforts by the local rank and file to elect a slate of reform candidates as officers in 1972 and again in 1980. The dispute led to years of court challenges and reversals. Local 541 was suspended by the Laborers' International Union of North America in 1986 and representation of Seattle area ship scalers was subsequently transferred to another local. Until 1956 the union was affiliated with the International Brotherhood of Boilermakers Iron Ship Builders, Blacksmiths, Forgers and Helpers (AFL) as Local 589, then changed to the International Hod Carriers', Building and Common Laborers' Union of America (AFL) as Local 541. In 1965 the Boilermakers changed their name to Laborers' International Union of North America.
=520  2\$aRecords of union local, including meeting minutes, correspondence, grievances, by-laws, membership records, and records of arbitration and litigation. There are also case files of members and campaign materials. The litigation particularly involves the dispute with the international, to which the local belonged, regarding the election of officers to the local.
=500  \\$aForms a part of the Labor Archives of Washington.
=506  \\$aAccess may be restricted. Contact Special Collections for details.
=540  \\$aSome restrictions exist on duplication, quotation, or publication. Contact the repository for details.
=555  \\$aA finding aid to the records is available in the Special Collections Division of the University of Washington Libraries.
=610  20$aShip Scalers, Dry Dock, and Boat Yard Workers Union.$bLocal 541 (Seattle, Wash.)
=610  20$aShip Scalers, Dry Dock, and Boat Yard Workers Union.$bLocal 541 (Seattle, Wash.)$xHistory$vSources.
=600  10$aBarnes, Bob,$d1946-
=650  \0$aShipbuilding industry$zWashington (State)$zSeattle$xEmployees$xHistory$vSources.
=650  \0$aShips$zWashington (State)$zSeattle$xMaintenance and repair$xHistory$vSources.
=650  \0$aLabor unions$zWashington (State)$zSeattle$xHistory$vSources.
=650  \0$aLabor union members$xHistory$vSources.
=650  \0$aLabor leaders$zWashington (State)$zSeattle$xHistory$vSources.
=650  \0$aLabor unions$zWashington (State)$zSeattle$xOfficials and employees$xHistory$vSources.
=650  \0$aLabor movement$zWashington (State)$zSeattle$xHistory$vSources.
=650  \0$aAfrican American labor union members$zWashington (State)$zSeattle$xHistory$vSources.
=650  \0$aMinority labor union members$zWashington (State)$zSeattle$xHistory$vSources.
=650  \6$aNavires$0(CaQQLa)201-0085179$zWashington (État)$0(CaQQLa)201-0394837$zSeattle$0(CaQQLa)201-0394837$xEntretien et réparations$0(CaQQLa)201-0085179$xHistoire$0(CaQQLa)201-0382350$vSources.$0(CaQQLa)201-0382350
=650  \6$aSyndicats$0(CaQQLa)201-0007001$zWashington (État)$0(CaQQLa)201-0394837$zSeattle$0(CaQQLa)201-0394837$xHistoire$0(CaQQLa)201-0382350$vSources.$0(CaQQLa)201-0382350
=650  \6$aSyndiqués$0(CaQQLa)201-0268551$xHistoire$0(CaQQLa)201-0382350$vSources.$0(CaQQLa)201-0382350
=650  \6$aDirigeants syndicaux$0(CaQQLa)201-0202520$zWashington (État)$0(CaQQLa)201-0394837$zSeattle$0(CaQQLa)201-0394837$xHistoire$0(CaQQLa)201-0382350$vSources.$0(CaQQLa)201-0382350
=650  \6$aSyndicats$0(CaQQLa)201-0053806$zWashington (État)$0(CaQQLa)201-0394837$zSeattle$0(CaQQLa)201-0394837$xPersonnel$0(CaQQLa)201-0053806$xHistoire$0(CaQQLa)201-0382350$vSources.$0(CaQQLa)201-0382350
=650  \6$aMouvement ouvrier$0(CaQQLa)201-0078721$zWashington (État)$0(CaQQLa)201-0394837$zSeattle$0(CaQQLa)201-0394837$xHistoire$0(CaQQLa)201-0382350$vSources.$0(CaQQLa)201-0382350
=650  \6$aSyndiqués noirs américains$0(CaQQLa)201-0074590$zWashington (État)$0(CaQQLa)201-0394837$zSeattle$0(CaQQLa)201-0394837$xHistoire$0(CaQQLa)201-0382350$vSources.$0(CaQQLa)201-0382350
=650  \6$aSyndiqués issus des minorités$0(CaQQLa)201-0069307$zWashington (État)$0(CaQQLa)201-0394837$zSeattle$0(CaQQLa)201-0394837$xHistoire$0(CaQQLa)201-0382350$vSources.$0(CaQQLa)201-0382350
=650  \7$aAfrican American labor union members.$2fast$0(OCoLC)fst00799214
=650  \7$aLabor leaders.$2fast$0(OCoLC)fst00990029
=650  \7$aLabor movement.$2fast$0(OCoLC)fst00990079
=650  \7$aLabor union members.$2fast$0(OCoLC)fst00990256
=650  \7$aLabor unions.$2fast$0(OCoLC)fst00990260
=650  \7$aLabor unions$xOfficials and employees.$2fast$0(OCoLC)fst00990289
=650  \7$aMinority labor union members.$2fast$0(OCoLC)fst01023361
=650  \7$aShipbuilding industry$xEmployees.$2fast$0(OCoLC)fst01116277
=650  \7$aShips$xMaintenance and repair.$2fast$0(OCoLC)fst01116530
=651  \7$aWashington (State)$zSeattle.$2fast$0(OCoLC)fst01204940
=655  \7$aConstitutions.$2fast$0(OCoLC)fst01774254
=655  \7$aBy-laws.$2fast$0(OCoLC)fst01423762
=655  \7$aconstitutions.$2aat$0(CStmoGRI)aatgf300027437
=655  \7$abylaws (administrative records)$2aat$0(CStmoGRI)aatgf300027433
=655  \7$amembership lists.$2aat$0(CStmoGRI)aatgf300027141
=655  \7$afinancial records.$2aat$0(CStmoGRI)aatgf300027473
=655  \7$abusiness records.$2aat$0(CStmoGRI)aatgf300141693
=655  \7$afiles (document groupings)$2aat$0(CStmoGRI)aatgf300026942
=655  \7$anegatives (photographs)$2aat$0(CStmoGRI)aatgf300127173
=655  \7$arecords (documents)$2aat$0(CStmoGRI)aatgf300026685
=655  \7$acommercial correspondence.$2aat$0(CStmoGRI)aatgf300026914
=655  \7$aminute books.$2aat$0(CStmoGRI)aatgf300135375
=655  \7$aminutes (administrative records)$2aat$0(CStmoGRI)aatgf300027440
=655  \7$acollective labor agreements.$2aat$0(CStmoGRI)aatgf300027630
=655  \7$acontracts.$2aat$0(CStmoGRI)aatgf300027649
=655  \7$aprinted ephemera.$2aat$0(CStmoGRI)aatgf300264821
=655  \7$aphotographs.$2aat$0(CStmoGRI)aatgf300046300
=655  \7$aposters.$2aat$0(CStmoGRI)aatgf300027221
=655  \7$aBusiness correspondence.$2fast$0(OCoLC)fst01919897
=655  \7$aCollective labor agreements.$2fast$0(OCoLC)fst01774247
=655  \7$aContracts.$2fast$0(OCoLC)fst01774255
=655  \7$aEphemera.$2fast$0(OCoLC)fst01919921
=655  \7$aHistory.$2fast$0(OCoLC)fst01411628
=655  \7$aMinutes (Records)$2fast$0(OCoLC)fst01919940
=655  \7$aPhotographs.$2fast$0(OCoLC)fst01423689
=655  \7$aPosters.$2fast$0(OCoLC)fst01423847
=655  \7$aRecords (Documents)$2fast$0(OCoLC)fst01919961
=655  \7$aSources.$2fast$0(OCoLC)fst01423900
=655  \7$aBusiness correspondence.$2lcgft
=655  \7$aRecords (Documents)$2lcgft
=655  \7$aMinutes (Records)$2lcgft
=655  \7$aCollective labor agreements.$2lcgft
=655  \7$aContracts.$2lcgft
=655  \7$aEphemera.$2lcgft
=655  \7$aPhotographs.$2lcgft
=655  \7$aPosters.$2lcgft
=655  \7$aConstitutions.$2lcgft
=655  \7$aBy-laws.$2lcgft
=655  \7$aConstitutions.$2rvmgf$0(CaQQLa)RVMGF-000001434
=655  \7$aStatuts.$2rvmgf$0(CaQQLa)RVMGF-000001472
=655  \7$aRegistres des membres.$2rvmgf$0(CaQQLa)RVMGF-000001718
=655  \7$aDocuments administratifs.$2rvmgf$0(CaQQLa)RVMGF-000001054
=655  \7$aCorrespondance commerciale.$2rvmgf$0(CaQQLa)RVMGF-000001162
=655  \7$aProcès-verbaux.$2rvmgf$0(CaQQLa)RVMGF-000001222
=655  \7$aConventions collectives.$2rvmgf$0(CaQQLa)RVMGF-000001475
=655  \7$aContrats.$2rvmgf$0(CaQQLa)RVMGF-000001473
=655  \7$aDocuments éphémères.$2rvmgf$0(CaQQLa)RVMGF-000001046
=655  \7$aPhotographies.$2rvmgf$0(CaQQLa)RVMGF-000001676
=655  \7$aAffiches.$2rvmgf$0(CaQQLa)RVMGF-000001052
=710  2\$aLabor Archives of Washington,$ecurator.
=856  42$uhttp://archiveswest.orbiscascade.org/ark:/80444/xv73187$zConnect to the finding aid for this collection
=049  \\$aWAUW

