=LDR  01436cpc a22001813  4500
=001  123953527
=008  070503i19331994xx\\\\\\\\\\\\\\\\\\eng\d
=005  20230628202545.8
=040  \\$aWAU$beng$cWAU$dOCLCG$dWAU$dOCLCQ$dOCLCO$dWAU
=100  1\$aSimpson, Roger,$d1937-
=245  10$aRoger A. Simpson papers,$f1933-1994.
=300  \\$a2.42 cubic ft (3 boxes)
=520  2\$aInterview tapes and transcripts, 1959-1960; writings, student papers, and other research materials for his M.S. thesis in journalism at the University of Wisconsin, 1961, and for the book "Unionism or Hearst", co-authored with William E. Ames, 1978. Also records relating to Simpson's research on the Newspaper Guild in Seattle in the 1930s.
=506  \\$aOpen to all users.
=540  \\$aSome restrictions exist on duplication, quotation, or publication. Contact the repository for details.
=545  0\$aProfessor of communications., University of Washington. Roger Simpson joined the University of Washington faculty in 1968. During his tenure, his areas of interest included communication history, law of communication, media economics and editorial journalism. In 1961, Simpson completed a masters thesis for the University of Wisconsin in which he examined the American Newspaper Guild and the Seattle Post-Intelligencer strike of 1936.
=856  42$uhttps://archiveswest.orbiscascade.org/ark:80444/xv75662$zConnect to the online finding aid for this collection
=049  \\$aWAUW

