=LDR  07861cpcaa2201069Ii 4500
=001  904294402
=008  150303i19202015wau\\\\\\\\\\\\\\\\\eng\d
=006  innnn\\\\\\\\gt\n\
=006  g000\\\\\\\\\\\\vl
=005  20220620200737.5
=040  \\$aWAU$beng$edacs$edacs$cWAU$dWAU$dOCLCF$dWAU$dOCLCQ$dWAU$dOCLCO$dWAU$dOCLCO
=041  0\$heng
=043  \\$an-us-wa
=046  \\$o1920$p1979$2edtf
=100  3\$aSkowronek (Family :$gSkowronek, Emil, 1904-1993),$ecreator.
=245  10$aSkowronek Family papers.
=264  \0$capproximately 1920-2015.
=300  \\$a6.86 cubic ft.$a(6 boxes, includes audiocassette, DVD, plus one oversize folder)
=336  \\$atext$btxt$2rdacontent
=336  \\$aspoken word$bspw$2rdacontent
=336  \\$atwo-dimensional moving image$btdi$2rdacontent
=336  \\$anotated music$bntm$2rdacontent
=336  \\$astill image$bsti$2rdacontent
=337  \\$aunmediated$bn$2rdamedia
=337  \\$aaudio$bs$2rdamedia
=337  \\$avideo$bv$2rdamedia
=338  \\$asheet$bnc$2rdacarrier
=338  \\$avideodisc$bvd$2rdacarrier
=338  \\$aaudiocassette$bss$2rdacarrier
=541  \\$cDonated by:$aTheo Nassar,$dMay 28, 2014.
=545  0\$aEmil Frank Skowronek (aka Clark) (1904-1993) was born in Poland and immigrated to the United States as a young child. Skowronek graduated high school in Tacoma. As a young man, Skowronek worked as a logger on the Olympic Peninsula for five years to fund his education at Washington State University, where he was a member of the wrestling team. While he worked as a logger, he was radicalized by the Industrial Workers of the World. He was a member of the Communist Party USA and served as a left wing labor organizer. Skowronek later became a ship rigger in the boilermaker's union and served as a business agent in the union. During World War II, Skowronek served in the merchant marine, where he was involved in the Battle of Okinawa. He lost his seamen's clearance for his political affiliations but was able to regain it. Skowronek married Edna Theodosia Bundry in 1935. Edna Theodosia Skowronek (1903-1976) graduated in 1932 with a Bachelor of Science in nursing from the University of Washington. She worked as a registered nurse. Emil and Edna's daughter Theodosia Skowronek "Theo" Nassar (1939- ) received her BA in Sociology from Washington State University and her MS in Teaching/Communications from Gonzaga University. She worked as a caseworker at Eastern State Mental Hospital and as a copywriter and journalist in Spokane before moving to Los Angeles to become a screenwriter for ten years. Emil and Edna's son Felix Skowronek (1935-2006) played principal flute for the Seattle Symphony from 1956 to 1957 and 1959 to 1960. Skowroneck also played in the Seventh Army Symphony from 1957 to 1959, Puerto Rico Symphony Orchestra 1960 to 1966, and St. Louis Symphony 1966 to 1968, and was a member of the Casals Festival orchestra in Puerto Rico and a founding member of the Soni Ventorum Wind Quintet. He was a member of the faculty of the Conservatory of Music of Puerto Rico, and then at the University of Washington, where he taught for 38 years, and served as president of the National Flute Association and Seattle Flute Society. He was a leading figure in the revival of wooden Boehm-style flutes in the USA and an expert in the use of various hardwoods in flute manufacturing.
=520  2\$aFamily papers, including correspondence, news clippings, handwritten family history, valentines, photographs, textbooks, sheet music, a diary,     screenplays, documents on nursing, book Un-American Girl by Theo Skowronek-Nassar, cassette tape interview with Emil Skowronek, FOIA documents related to loss of clearence, a DVD of Theo Skowronek-Nassar's film "Flute wood make" about Felix Skowronek and flute-maker Alex Eppler, ephemera, and other materials. Also includes materials related to the Boilermaker's Union, including proceeding book for an international convention, clippings, retirement account information, mailings, and ephemera.
=506  \\$aOpen to all users.
=540  \\$aPortions of creator's literary rights retained. Contact Special Collections for details.
=600  30$aSkowronek family$vArchives.
=600  10$aSkowronek, Emil,$d1904-1993$vArchives.
=600  10$aSkowronek, Emil,$d1904-1993$vInterviews.
=600  10$aSkowronek, Edna,$d1903-1976$vArchives.
=600  10$aSkowronek-Nassar, Theo$vArchives.
=600  10$aSkowronek, Felix$vArchives.
=610  20$aInternational Brotherhood of Boiler Makers, Iron Ship Builders, and Helpers of America.$bLocal 104 (Seattle, Wash.)$xHistory$vSources.
=650  \0$aNursing$zWashington (State)$xHistory$vSources.
=650  \0$aFlute$xConstruction$xHistory$vSources.
=600  34$aSkowronek (Family :$gSkowronek, Emil, 1904-1993)$vArchives.
=650  \6$aFlûte$0(CaQQLa)201-0219707$xFacture$0(CaQQLa)201-0219707$xHistoire$0(CaQQLa)201-0382350$vSources.$0(CaQQLa)201-0382350
=610  27$aInternational Brotherhood of Boiler Makers, Iron Ship Builders, and Helpers of America.$bLocal 104 (Seattle, Wash.)$2fast$0(OCoLC)fst01488046
=650  \7$aFlute$xConstruction.$2fast$0(OCoLC)fst00928209
=650  \7$aNursing.$2fast$0(OCoLC)fst01041731
=651  \7$aWashington (State)$2fast$0(OCoLC)fst01204703
=655  \7$agovernment records.$2aat$0(CStmoGRI)aatgf300027777
=655  \7$anewspaper clippings.$2aat$0(CStmoGRI)aatgf300429554
=655  \7$amanuscripts (documents)$2aat$0(CStmoGRI)aatgf300028569
=655  \7$aletters (correspondence)$2aat$0(CStmoGRI)aatgf300026879
=655  \7$apersonal correspondence.$2aat$0(CStmoGRI)aatgf300048730
=655  \7$acommercial correspondence.$2aat$0(CStmoGRI)aatgf300026914
=655  \7$abusiness records.$2aat$0(CStmoGRI)aatgf300141693
=655  \7$arecords (documents)$2aat$0(CStmoGRI)aatgf300026685
=655  \7$ainterviews.$2aat$0(CStmoGRI)aatgf300026392
=655  \7$aprinted ephemera.$2aat$0(CStmoGRI)aatgf300264821
=655  \7$aphotographs.$2aat$0(CStmoGRI)aatgf300046300
=655  \7$adiaries.$2aat$0(CStmoGRI)aatgf300027112
=655  \7$aArchives.$2fast$0(OCoLC)fst01423700
=655  \7$aBusiness correspondence.$2fast$0(OCoLC)fst01919897
=655  \7$aDiaries.$2fast$0(OCoLC)fst01423794
=655  \7$aEphemera.$2fast$0(OCoLC)fst01919921
=655  \7$aHistory.$2fast$0(OCoLC)fst01411628
=655  \7$aInterviews.$2fast$0(OCoLC)fst01423832
=655  \7$aNotated music.$2fast$0(OCoLC)fst01920428
=655  \7$aPersonal correspondence.$2fast$0(OCoLC)fst01919948
=655  \7$aPhotographs.$2fast$0(OCoLC)fst01423689
=655  \7$aRecords (Documents)$2fast$0(OCoLC)fst01919961
=655  \7$aSources.$2fast$0(OCoLC)fst01423900
=655  \7$aPersonal correspondence.$2lcgft
=655  \7$aBusiness correspondence.$2lcgft
=655  \7$aRecords (Documents)$2lcgft
=655  \7$aNotated music.$2lcgft
=655  \7$aInterviews.$2lcgft
=655  \7$aEphemera.$2lcgft
=655  \7$aPhotographs.$2lcgft
=655  \7$aDiaries.$2lcgft
=655  \7$aCorrespondance privée.$2rvmgf$0(CaQQLa)RVMGF-000001056
=655  \7$aCorrespondance commerciale.$2rvmgf$0(CaQQLa)RVMGF-000001162
=655  \7$aDocuments administratifs.$2rvmgf$0(CaQQLa)RVMGF-000001054
=655  \7$aMusique notée.$2rvmgf$0(CaQQLa)RVMGF-000000699
=655  \7$aInterviews.$2rvmgf$0(CaQQLa)RVMGF-000000446
=655  \7$aDocuments éphémères.$2rvmgf$0(CaQQLa)RVMGF-000001046
=655  \7$aPhotographies.$2rvmgf$0(CaQQLa)RVMGF-000001676
=655  \7$aJournaux intimes.$2rvmgf$0(CaQQLa)RVMGF-000001057
=700  12$iContainer of (work):$aSkowronek-Nassar, Theo.$tUn-American girl.$kManuscript.
=730  02$iContainer of (work):$aFlute wood make (Motion picture)
=856  42$uhttp://archiveswest.orbiscascade.org/ark:/80444/xv50064$zConnect to the finding aid for this collection
=049  \\$aWAUW

