=LDR  03703cpcaa22005777a 4500
=001  28410096
=008  881129i19152014xx\\\\\\\\\\\\\\\\\\eng\d
=005  20220725153801.5
=010  \\$a   88798874 
=040  \\$aWAU$beng$edacs$cWAU$dDLC$dOCL$dOCLCQ$dNUCMC$dWAU$dOCLCA$dWAU$dOCLCA$dWAU$dOCLCO$dWAU$dOCLCF$dWAU$dOCLCA$dOCLCQ$dOCLCO$dWAU$dOCLCA$dWAU$dOCLCO$dOCLCQ
=043  \\$an-us---$an-us-wa
=110  2\$aSnohomish County Central Labor Council.
=245  10$aSnohomish County Central Labor Council records,$f1915-2014.
=300  \\$a29.23 cubic feet (27 boxes plus 2 tubes and one oversize vertical file)
=545  1\$aOriginally called the Everett Central Labor Council, this AFL-CIO affiliated labor organization intended to unite the wide variety of trade unions in Snohomish County, Washington, assist in the formation of new unions, influence public opinion to favor the cause of labor, act as arbiters in disputes between employers and union members, and work for increased benefits for wage earners.
=520  2\$aCorrespondence, minutes, committee files, financial records, conference and convention materials, newsletters, ephemera, and related files. Includes correspondence, minutes, and related files of AFL-CIO Committee on Political Education, subgroups of Everett Union Card and Label Council (1955-1957), Washington State Federation of Union Card and Labor Councils (1955-1961), and AFL-CIO Union Label and Service Trades Dept.; and records of Federation of Teachers, Local 1690, Edmonds, Wash.
=506  \\$aOpen to all users.
=540  \\$aCreator's literary rights transferred to the University of Washington Libraries.
=541  \\$aDonated from various sources, 1933, 1984, 1986, and other dates.
=650  \0$aLabor unions$zUnited States.
=650  \0$aLabor unions$zWashington (State)$zSnohomish County.
=650  \0$aLabor movement$zWashington (State)$zSnohomish County.
=650  \0$aTeachers$zWashington (State)
=650  \0$aTeachers' unions$zWashington (State)
=650  \0$aUnion labels.
=650  \0$aCongresses and conventions$zWashington (State)
=650  \6$aEnseignants$0(CaQQLa)201-0005381$zWashington (État)$0(CaQQLa)201-0395184
=650  \6$aLabels.$0(CaQQLa)201-0063429
=650  \6$aCongrès et conférences$0(CaQQLa)201-0047818$zWashington (État)$0(CaQQLa)201-0395184
=650  \7$aunion labels.$2aat$0(CStmoGRI)aat300028737
=650  \7$aCongresses and conventions.$2fast$0(OCoLC)fst00875219
=650  \7$aLabor movement.$2fast$0(OCoLC)fst00990079
=650  \7$aLabor unions.$2fast$0(OCoLC)fst00990260
=650  \7$aTeachers.$2fast$0(OCoLC)fst01144248
=650  \7$aTeachers' unions.$2fast$0(OCoLC)fst01144535
=650  \7$aUnion labels.$2fast$0(OCoLC)fst01161394
=651  \7$aUnited States.$2fast$0(OCoLC)fst01204155
=651  \7$aWashington (State)$2fast$0(OCoLC)fst01204703
=651  \7$aWashington (State)$zSnohomish County.$2fast$0(OCoLC)fst01213641
=655  \7$aNewsletters.$2fast$0(OCoLC)fst01919943
=655  \7$aNewsletters.$2lcgft
=655  \7$aLettres d'informations.$2rvmgf$0(CaQQLa)RVMGF-000001104
=710  2\$aAFL-CIO.$bCommittee on Political Education.
=710  2\$aAFL-CIO.$bUnion Label and Service Trades Department.
=710  2\$aAmerican Federation of Teachers.$bLocal 1690 (Edmonds, Wash.)
=710  2\$aEverett Central Labor Council (Wash.)
=710  2\$aEverett Union Card and Label Council (Wash.)
=710  2\$aWashington State Federation of Union Card and Labor Councils.
=740  0\$aAcc3531-001, acc3531-002, acc3531-003, acc3531-004
=856  42$uhttp://archiveswest.orbiscascade.org/ark:/80444/xv31359/$zConnect to the online finding aid for this collection
=049  \\$aWAUW

