=LDR  06752cpcaa22007697a 4500
=001  28410832
=008  880802i19301962xx\\\\\\\\\\\\\\\\\\eng\d
=005  20220725155612.5
=010  \\$a   88797827 
=040  \\$aWAU$beng$edacs$cWAU$dDLC$dOCLCQ$dWAU$dOCLCO$dOCLCA$dOCLCO$dOCLCA$dOCLCF$dOCLCA$dOCL$dOCLCO$dOCLCQ
=043  \\$an-us-wa
=110  2\$aSocialist Labor Party (Wash.).$bSeattle Section.
=245  10$aSocialist Labor Party Seattle Section records,$f1930-1962$g(bulk 1943-1962)
=300  \\$a2.73$fcubic feet$a(7$fboxes)
=351  \\$aArranged in 4 series: 1. Administrative records; 2. Primary conventions; 3. State Executive Committee; 4. Spokane Section.
=545  1\$aThe Seattle Section of the Socialist Labor Party (SLP) was founded in the early 1890s as a branch of the Socialist Labor Party of America, the first nationwide socialist party in the United States. The Seattle Section was one of the first socialist organizations of any importance in the Pacific Northwest, but because it did not effectively establish ties with the labor movement, it never developed beyond a small cadre. During the period documented by these papers (1930-1962), the Section frequently consisted of fewer than six active members, and, at times (particularly in the early 1950s), nearly ceased to exist. Section Seattle experienced frequent internal dissent, occasionally expelled members, and, in 1944, itself was censured, expelled from the Party and reorganized. The business of the Section was carried on by an organizer who was chosen democratically and who reported to the Secretary of the State Executive Committee (SEC). SEC answered to the National Executive Committee, which was headed by the National Secretary (an office held by Arnold Peterson throughout this period). The official organ of the Party was the Weekly People, which the Section sold through subscriptions and newsstands. Its other activities included the sale of SLP pamphlets, distribution of leaflets, conducting classes, lectures and social activities. The SLP in Washington held an annual convention and also ran conventions to nominate candidates for state elections.
=520  2\$aThe Socialist Labor Party Seattle Section records consist mainly of correspondence, ephemera, financial records, minutes and convention proceedings relating to the Seattle branch of a national political party.$bThe collection also includes some records of the Washington State Executive Committee (SEC; 1944-1962) and the Spokane Section (1943-1944). The records of the SEC Secretary consist primarily of SEC Minutes and the 1949 correspondence of Theodore Bossie, who was then SEC Secretary (but also a longtime member and former organizer of Section Seattle). Major correspondents other than Bossie, include Arnold Peterson (National Secretary) and Herb Steiner (Regional representative, circa 1944).
=541  \\$aBudget Rent-A-Car$cGift$dMay 8, 1981.
=561  \\$aThe records of Section Seattle of the Socialist Labor Party were discovered in a closet of the International Order of Good Templars Hall by members of the lodge and were offered to the Library. After approval was granted by Budget Rent-A-Car, the purchaser of the property, the material was transferred to the Library in May 1981, shortly before the building's demolition. Why or when the records were abandoned is not known.
=506  \\$aOpen to all users.
=540  \\$aCreator's literary rights not transferred to the University of Washington Libraries.
=544  0\$nIssues of the Weekly People which were received with the papers were relocated to the University of Washington Libraries' Microform and Newspaper Collection. Books from the SLP library were added to the University of Washington Libraries' main collection.
=555  0\$aFinding aid available in the repository and on the World Wide Web.
=610  20$aSocialist Labor Party (Wash.).$bSeattle Section$vArchives.
=600  10$aBossie, Theodore$vCorrespondence.
=600  10$aPetersen, Arnold,$d1885-1976$vCorrespondence.
=600  10$aSteiner, Herbert$vCorrespondence.
=610  20$aSocialist Labor Party (Wash.).$bSpokane Section.
=610  20$aSocialist Labor Party (Wash.).$bState Executive Committee.
=630  00$aWeekly People.
=650  \0$aPolitical parties$zWashington (State)$zSeattle$vArchives.
=650  \0$aSocialist parties$zWashington (State)$zSeattle$vArchives.
=650  \0$aPolitical conventions$zWashington (State)
=650  \0$aPolitical parties$zWashington (State)
=650  \0$aSocialist parties$zWashington (State)
=650  \0$aSocialism$vPeriodicals.
=651  \0$aSpokane (Wash.)$xPolitics and government.
=651  \0$aWashington (State)$xPolitics and government$y1889-1950.
=651  \0$aWashington (State)$xPolitics and government$y1951-
=650  \6$aPartis socialistes$0(CaQQLa)201-0016079$zWashington (État)$0(CaQQLa)201-0394837$zSeattle$0(CaQQLa)201-0394837$vArchives.$0(CaQQLa)201-0378256
=650  \6$aCongrès politiques$0(CaQQLa)201-0016096$zWashington (État)$0(CaQQLa)201-0395184
=650  \6$aPartis socialistes$0(CaQQLa)201-0016079$zWashington (État)$0(CaQQLa)201-0395184
=651  \6$aWashington (État)$xPolitique et gouvernement$y1889-1950.$0(CaQQLa)201-0106083
=651  \6$aWashington (État)$xPolitique et gouvernement$y1951-$0(CaQQLa)201-0106088
=600  17$aBossie, Theodore.$2fast$0(OCoLC)fst00226630
=600  17$aPetersen, Arnold,$d1885-1976.$2fast$0(OCoLC)fst00226629
=650  \7$aPolitical conventions.$2fast$0(OCoLC)fst01069234
=650  \7$aPolitical parties.$2fast$0(OCoLC)fst01069410
=650  \7$aPolitics and government.$2fast$0(OCoLC)fst01919741
=650  \7$aSocialism.$2fast$0(OCoLC)fst01123637
=650  \7$aSocialist parties.$2fast$0(OCoLC)fst01123730
=651  \7$aWashington (State)$2fast$0(OCoLC)fst01204703
=651  \7$aWashington (State)$zSeattle.$2fast$0(OCoLC)fst01204940
=651  \7$aWashington (State)$zSpokane.$2fast$0(OCoLC)fst01206731
=648  \7$aSince 1889$2fast
=655  \7$acorrespondence.$2aat$0(CStmoGRI)aatgf300026877
=655  \7$aEphemera.$2aat
=655  \7$afinancial records.$2aat$0(CStmoGRI)aatgf300027473
=655  \7$aMinutes.$2aat
=655  \7$aProceedings.$2aat
=655  \7$aArchives.$2fast$0(OCoLC)fst01423700
=655  \7$aPeriodicals.$2fast$0(OCoLC)fst01411641
=655  \7$aPersonal correspondence.$2fast$0(OCoLC)fst01919948
=710  2\$aSocialist Labor Party (Wash.).$bSpokane Section.
=710  2\$aSocialist Labor Party (Wash.).$bState Executive Committee.
=856  42$uhttp://www.lib.washington.edu/specialcoll/findaids/docs/papersrecords/SocialistLaborPartyWashSeattleSection3180.xml$zConnect to the online finding aid for this collection.
=049  \\$aWAUW

