=LDR  04858cpcaa22006497a 4500
=001  123953993
=008  070503i19331972xx\\\\\\\\\\\\\\\\\\eng\d
=005  20220914141840.1
=040  \\$aWAU$beng$edacs$cWAU$dWAU$dOCLCQ$dOCLCA$dOCLCF$dOCLCO$dOCLCA$dOCLCQ$dOCLCO$dOCLCA$dOCL$dOCLCO$dOCLCQ$dOCL$dOCLCQ
=043  \\$an------$an-us-wa
=100  1\$aStedman, Vernon R.
=245  10$aVernon R. Stedman papers,$f1933-1972$g(bulk 1937-1960).
=300  \\$a1.21$fcubic feet (2$fboxes)
=351  \\$aThe collection is organized into three subgroups: 1. Inlandboatmen's Union of the Pacific, 1933-1961; 2. National Labor Bureau Seattle Office, 1947-1959; 3. Personal papers, 1940-1972.
=545  0\$aVernon R. Stedman (1916-1993) was a National Labor Bureau researcher and labor negotiator for maritime unions who was based in Seattle, Washington.$bDuring the 1950s, he studied economics at the University of Washington and conducted research for a dissertation tentatively entitled "Development of Collective Bargaining in the Puget Sound Inland Waterways Industry." The project dealt largely with the history of the Inlandboatmen's Union of the Pacific (IBU), but also to some extent, the Marine Engineers' Beneficial Association and the Masters, Mates and Pilots. In his research Stedman consulted with individuals associated with these unions, including John M. Fox and Clyde W. Deal. Stedman did not complete his dissertation.
=520  2\$aVernon Stedman's papers consist primarily of drafts of dissertation chapters in varying stages of completion, as well as materials which Stedman collected, presumably for use in writing his dissertation.$bAlso present are Stedman's coursework, and several subject files covering topics which Stedman documented primarily through newspaper clippings. Of special note is a transcript of an interview Stedman conducted with Clyde W. Deal in 1955. Major correspondents include Clyde W. Deal, John M. Fox and economist Robert J. Lampman.
=506  \\$aOpen to all users.
=540  \\$aCreator's literary rights transferred to the University of Washington Libraries.
=541  \\$aDonated by Winifred Stedman in 2003.
=555  0\$aFinding aid available in the repository and on the World Wide Web.
=524  \\$a[Title of item], [date of item if known], [box/folder number], Vernon R. Stedman papers, Manuscript collection 4661, University of Washington Libraries.
=600  10$aStedman, Vernon R.$vArchives.
=600  10$aDeal, Clyde W.$vCorrespondence.
=600  10$aFox, John M.,$d1902-1978$vCorrespondence.
=600  10$aLampman, Robert James,$d1920-1997$vCorrespondence.
=610  20$aInland Boatmen's Union of the Pacific.
=610  20$aInternational Organization of Masters, Mates, and Pilots.
=610  20$aNational Labor Bureau. Seattle Office.
=610  20$aNational Marine Engineers' Beneficial Association (U.S.)
=650  \0$aMerchant mariners$xLabor unions$xResearch$zPacific Coast (North America)
=650  \0$aLabor movement$xResearch$zWashington (State)$zSeattle.
=650  \6$aMarins (Marine marchande)$0(CaQQLa)201-0087528$xSyndicats$0(CaQQLa)201-0087528$xRecherche$0(CaQQLa)201-0379425$zPacifique, Côte du (Amérique du Nord)$0(CaQQLa)201-0421682
=650  \6$aMouvement ouvrier$0(CaQQLa)201-0078721$xRecherche$0(CaQQLa)201-0379425$zWashington (État)$0(CaQQLa)201-0394837$zSeattle.$0(CaQQLa)201-0394837
=600  17$aLampman, Robert James,$d1920-1997.$2fast$0(OCoLC)fst01440915
=610  27$aInland Boatmen's Union of the Pacific.$2fast$0(OCoLC)fst00626637
=610  27$aInternational Organization of Masters, Mates, and Pilots.$2fast$0(OCoLC)fst00632749
=610  27$aNational Marine Engineers' Beneficial Association (U.S.)$2fast$0(OCoLC)fst00642568
=650  \7$aLabor movement$xResearch.$2fast$0(OCoLC)fst00990105
=651  \7$aNorth America$zPacific Coast.$2fast$0(OCoLC)fst01243518
=651  \7$aWashington (State)$zSeattle.$2fast$0(OCoLC)fst01204940
=655  \0$aClippings (Books, newspapers, etc.)
=655  \2$aAcademic Dissertation$0(DNLM)D019478
=655  \2$aInterview$0(DNLM)D017203
=655  \7$acorrespondence.$2aat
=655  \7$adrafts (documents)$2aat
=655  \7$atranscripts.$2aat
=655  \7$ainterviews.$2aat
=655  \7$aAcademic theses.$2fast$0(OCoLC)fst01726453
=655  \7$aArchives.$2fast$0(OCoLC)fst01423700
=655  \7$aInterviews.$2fast$0(OCoLC)fst01423832
=655  \7$aPersonal correspondence.$2fast$0(OCoLC)fst01919948
=655  \7$aInterviews.$2lcgft
=655  \7$aAcademic theses.$2lcgft
=655  \7$aThèses et écrits académiques.$2rvmgf$0(CaQQLa)RVMGF-000001173
=655  \7$aInterviews.$2rvmgf$0(CaQQLa)RVMGF-000000446
=856  42$uhttp://www.lib.washington.edu/specialcoll/findaids/docs/papersrecords/StedmanVernon4661.xml$zConnect to the online finding aid for this collection.
=049  \\$aWAUW

