=LDR  05786cpcaa22007097a 4500
=001  123954598
=008  070503i19622003xx\\\\\\\\\\\\\\\\\\eng\d
=005  20220417074749.2
=040  \\$aWAU$beng$edacs$cWAU$dWAU$dOCLCQ$dWAU$dOCLCO$dOCLCQ$dOCLCO$dOCLCA$dWAU$dOCLCA$dOCLCQ$dOCLCF$dOCLCO$dOCLCQ$dOCLCO
=043  \\$an-us-wa
=100  1\$aThode, Kay.
=245  10$aKay Thode papers,$f1962-2003$g(bulk 1969-1992).
=300  \\$a4$fcubic ft. (5$fboxes and 1 oversize folder)
=340  \\$aSome records are stored off site advance notice required for use.
=351  \\$aThe papers are arranged in 2 accessions: 1. Accession No. 5353-003, Kay Thode papers, 1962-2003, 2. Accession No. 5353-004, Kay Thode papers, 1974-1987
=545  0\$aSocial worker and welfare policy analyst Kay Thode worked as Director of the Seattle Urban League's Health and Welfare Department from 1968 to 1983. She subsequently worked as a planner for the King County Health Planning Council, a subarea council of the Puget Sound Health Systems Agency. Throughout her career she was tireless in advocating and lobbying for the rights of welfare recipients and the poor, and testified frequently before local, state, and federal government bodies. She was active in the Puget Sound Chapter of the National Association of Social Workers, serving as Newsletter Editor, President, and delegate to NASW's national assembly several times. At the organization's national level she was chair of the National Committee on Women's Issues and was a member of the National Social Policy and Action Cabinet. She was named Social Worker of the Year by the Puget Sound Council in 1972, and by the Washington State Chapter in 1979. She was also active in the Washington Association for Social Welfare, presenting a paper at its conference on The Worth of Work in, 1977, and serving as keynote speaker at its 1978 legislative conference. She was elected President of the organization in October 1979. She initiated the group Washington State Friends of Welfare Rights to support the activities of the Washington State and National Welfare Rights Organizations, and served on the boards of the Washington Coalition for a National Health Program, the Council of Planning Affiliates Legislative Comittee, Neighborhood Health Centers, the Fair Budget Action Campagn, the Welfare Rights Organizing Committee, and People for Fair Taxes. She also served on advisory committees for entities including King County Hospital, the Washington State Department of Social and Health Services, and Seattle City Light. Thode's husband Bob Thode appeared before the anti-Left Canwell Committee during the Red Scare of the 1950s--partly because of her activism.
=520  2\$aThe Kay Thode papers consist mainly of writings, speeches, testimony and other materials produced with, and on behalf of, the many organizations with which she worked, including the Seattle Urban League, Washington Association For Social Welfare, and Washington State Friends of Welfare Rights.
=541  \\$cDonated by$aKay Thode in two installments in 2003 and one installment in$d2016.
=506  \\$aOpen to all users.
=540  \\$aCreator's literary rights transferred to the University of Washington Libraries.
=544  1\$dSee also Seattle Urban League records (Manuscript collection 0607) in the$aSpecial Collections Division, University of Washington Libraries.
=600  10$aThode, Kay$vArchives.
=600  10$aMcLean, Elaine,$d1935-1975.
=610  20$aSeattle Urban League.
=610  20$aWashington Association for Social Welfare.
=610  20$aWashington State Welfare Rights Organization.
=650  \0$aWomen social workers$zWashington (State)$zSeattle$vArchives.
=650  \0$aCommunity activists$zWashington (State)$zSeattle$vArchives.
=650  \0$aWelfare rights movement$zWashington (State)$y20th century.
=650  \0$aHuman services$xResearch$zWashington (State)
=650  \0$aPoverty$xResearch$zWashington (State)
=651  \0$aWashington (State)$xSocial policy$xResearch.
=651  \0$aKing County (Wash.)$xSocial policy$xResearch.
=651  \0$aSeattle (Wash.)$xSocial policy$xResearch.
=610  24$aSeattle Urban League.$bHealth and Welfare Department.
=610  24$aWashington State Friends of Welfare Rights.
=610  27$aSeattle Urban League.$2fast$0(OCoLC)fst00636454
=610  27$aWashington Association for Social Welfare.$2fast$0(OCoLC)fst00643182
=650  \7$aCommunity activists.$2fast$0(OCoLC)fst01745119
=650  \7$aHuman services$xResearch.$2fast$0(OCoLC)fst00963409
=650  \7$aPoverty$xResearch.$2fast$0(OCoLC)fst01074129
=650  \7$aSocial policy$xResearch.$2fast$0(OCoLC)fst01122761
=650  \7$aWelfare rights movement.$2fast$0(OCoLC)fst01173683
=650  \7$aWomen social workers.$2fast$0(OCoLC)fst01178549
=651  \7$aWashington (State)$2fast$0(OCoLC)fst01204703
=651  \7$aWashington (State)$zKing County.$2fast$0(OCoLC)fst01206427
=651  \7$aWashington (State)$zSeattle.$2fast$0(OCoLC)fst01204940
=648  \7$a1900-1999$2fast
=655  \0$aSpeeches, addresses, etc.
=655  \7$apoems.$2aat$0(CStmoGRI)aatgf300026451
=655  \7$atypescripts.$2aat$0(CStmoGRI)aatgf300028577
=655  \7$aWritings.$2aat
=655  \7$aArchives.$2fast$0(OCoLC)fst01423700
=700  1\$aMcLean, Elaine,$d1935-1975.
=710  2\$aSeattle Urban League.
=710  2\$aSeattle Urban League.$bHealth and Welfare Department.
=710  2\$aWashington Association for Social Welfare.
=710  2\$aWashington State Friends of Welfare Rights.
=710  2\$aWashington State Welfare Rights Organization.
=740  0\$aAcc5353-003.
=856  42$uhttp://archiveswest.orbiscascade.org/ark:/80444/xv98754/$zConnect to the online finding aid for this collection.
=049  \\$aWAUW

