=LDR  01060cpcaa22001933  4500
=001  738478663
=008  110705s1936\\\\xx\\\\\\\\\\\\\\\\\\eng\d
=005  20170303045435.7
=040  \\$aWAU$beng$cWAU$dWAU$dOCLCQ
=100  1\$aTippett, Tom.
=245  10$aTom Tippett manuscript,$f1936.
=300  \\$a.06 cubic ft. (1 oversized folder)
=520  2\$aSingle printer's proof of Tom Tippett's unpublished typeset proof "History of [Aeronautical Machinists Union, International Association of Machinists] District Lodge 751, 1935-1963."
=545  0\$aTom Tippett: Former editor of newspaper of the Aeronautical Machinists Union's, International Association of Machinists District Lodge 751.
=506  \\$aOpen to all users.
=540  \\$aCopyright not transferred. It is the researcher's responsibility to seek out current copyright status from any copyright holders.
=500  \\$aProcessing levels vary. Contact the repository for details.
=856  42$uhttp://archiveswest.orbiscascade.org/ark:/80444/xv79800$zConnect to the online finding aid for this collection
=049  \\$aWAUW

