=LDR  01181cpcaa22001813  4500
=001  818241410
=008  121115i19241950xx\\\\\\\\\\\\\\\\\\eng\d
=005  20170304053108.4
=040  \\$aWAU$beng$cWAU$dWAU$dOCLCQ
=110  2\$aTwin City Central Labor Union.
=245  10$aTwin City Central Labor Union Minutes,$f1924-1927, 1950.
=300  \\$a0.03 cubic ft. (1 vertical file)
=520  2\$aMinute book of the Twin City Central Labor Council from 1924 to 1927, with some inserted sheets of additional information.
=545  1\$aTwin City Central Labor Union was a regional joint labor council for union locals in the area of the cities of Chehalis and Centralia, Washington. Affilated with the Washington State Federation of Labor and the American Federation of Labor, it represented union workers and was comprised of officers and delegates drawn from the local unions in the region.
=506  \\$aOpen to all users.
=540  \\$aCreator's literary rights transferred to the University of Washington Libraries.
=856  42$uhttp://www.lib.washington.edu/specialcoll/findaids/docs/papersrecords/TwinCityCentralLaborUnion5727.xml$zConnect to the online finding aid for this collection
=049  \\$aWAUW

