=LDR  06998cpcaa2200925 i 4500
=001  650876240
=008  100729i19481973wau\\\\\\\\\\\\\\\\\eng\d
=005  20220618064845.5
=040  \\$aWAU$beng$erda$edacs$cWAU$dWAU$dOCLCQ$dWAU$dOCLCF$dOCL$dWAU$dOCL$dOCLCO$dWAU$dOCLCO
=041  0\$heng
=046  \\$o1948$p1973$2edtf
=100  1\$aTyler, Jerry,$d1911-2005,$ecreator.
=245  10$aJerry Tyler papers.
=264  \0$c1948-1973
=300  \\$a1.79$fcubic feet$a(2 boxes)
=336  \\$atext$btxt$2rdacontent
=337  \\$aunmediated$bn$2rdamedia
=338  \\$asheet$bnb$2rdacarrier
=386  \\$aStevedores$2lcsh
=386  \\$aWashingtonians (Washington State)$2lcdgt
=386  \\$aMen$2lcdgt
=545  0\$aJerry Tyler became active in organized labor in the 1940s, and remained active throughout his career as a longshoreman. This activism led to his work as a radio broadcaster in 1948 when the Seattle CIO Industrial Union Council, for which Tyler was secretary, decided to start a radio program. Tyler also authored a number of books, focusing primarily on "pulp fiction" in the 1930s and on non-fiction later in his life.
=520  2\$aThis collection includes transcripts of radio broadcasts, correspondence, clippings and ephemera. The materials relate to Tyler's union activities. Radio transcript series include: National Union Marine Cooks and Stewards, CIO (July 15, 1948-July 26, 1948); Maritime Union Scripts (August 5, 1948-February 21, 1949); Labor Radio Committee (February 28, 1949-June 8, 1950); Reports from Labor (April 25, 1950-October 19, 1950); International Fishermen and Allied Workers of America (June 5, 1950-June 8, 1950); and an untitled set from Astoria, Oregon (July 3, 1950-February 12, 1951). There are two correspondence files, one general (1944-1951) and the other "Radio Correspondence" (1949-1950); and a newspaper clippings file (1949-1951).Subject materials gathered by Tyler on ILWU history and his role in it. Tyler was editor of such publications as "The Hook" newsletters for ILWU Local 19 (Seattle); and the ILWU Local 19's "Strike Bulletin" from the 1971-1972 Pacific Coast Longshore Strike. Subject files and news clippings relating to the 1971 Pacific Coast Waterfront Strike. Folders include clippings from the ILWU International's newspaper, "The Dispatcher" on various longshore topics, as well as correspondence relating to all of these matters as well as other longshore and popular news publications. The materials include letters to the editor to various publications on issues relating to maritime labor and working class issues as well as correspondence with The ILWU International Union's newspapers The Dispatcher on various issues and articles from "The Rusty Hook."
=506  \\$aOpen to all users.
=540  \\$aThe creators' literary rights have been transferred to the University of Washington Libraries.
=541  \\$cAcquired from:$aRonald E. Magden,$d2008.
=541  \\$cAcquired from:$aJudy Johnson,$d2016.
=546  \\$aCollection materials are in English.
=500  \\$aForms part of the Labor Archives of Washington.
=600  10$aTyler, Jerry,$d1911-2005$vArchives.
=650  \0$aLabor$zWashington (State)$zSeattle$xHistory$vSources.
=650  \0$aLabor unions$zWashington (State)$zSeattle$xHistory$vSources.
=650  \0$aLabor movement$zWashington (State)$zSeattle$xHistory$vSources.
=610  20$aInternational Longshoremen's and Warehousemen's Union.$bLocal 19 (Seattle, Wash.)$xHistory$vSources.
=650  \0$aLongshoremen's Strike, 1971-1972$vSources.
=650  \0$aStevedores$xLabor unions$zWashington (State)$xHistory$vSources.
=650  \0$aStrikes and lockouts$xStevedores$zWashington (State)$xHistory$vSources.
=650  \6$aTravail$0(CaQQLa)201-0093408$zWashington (État)$0(CaQQLa)201-0394837$zSeattle$0(CaQQLa)201-0394837$xHistoire$0(CaQQLa)201-0382350$vSources.$0(CaQQLa)201-0382350
=650  \6$aSyndicats$0(CaQQLa)201-0007001$zWashington (État)$0(CaQQLa)201-0394837$zSeattle$0(CaQQLa)201-0394837$xHistoire$0(CaQQLa)201-0382350$vSources.$0(CaQQLa)201-0382350
=650  \6$aMouvement ouvrier$0(CaQQLa)201-0078721$zWashington (État)$0(CaQQLa)201-0394837$zSeattle$0(CaQQLa)201-0394837$xHistoire$0(CaQQLa)201-0382350$vSources.$0(CaQQLa)201-0382350
=650  \6$aGrève des débardeurs, Québec (Province), 1971-1972$0(CaQQLa)201-0055314$vSources.$0(CaQQLa)201-0378222
=650  \6$aDébardeurs$0(CaQQLa)201-0055413$xSyndicats$0(CaQQLa)201-0055413$zWashington (État)$0(CaQQLa)201-0395184$xHistoire$0(CaQQLa)201-0382350$vSources.$0(CaQQLa)201-0382350
=650  \6$aGrèves et lock-out$0(CaQQLa)201-0059201$xDébardeurs$0(CaQQLa)201-0059201$zWashington (État)$0(CaQQLa)201-0395184$xHistoire$0(CaQQLa)201-0382350$vSources.$0(CaQQLa)201-0382350
=650  \7$aLabor.$2fast$0(OCoLC)fst00989798
=650  \7$aLabor movement.$2fast$0(OCoLC)fst00990079
=650  \7$aLabor unions.$2fast$0(OCoLC)fst00990260
=650  \7$aStevedores$xLabor unions.$2fast$0(OCoLC)fst01133303
=650  \7$aStrikes and lockouts$xStevedores.$2fast$0(OCoLC)fst01135242
=651  \7$aWashington (State)$2fast$0(OCoLC)fst01204703
=651  \7$aWashington (State)$zSeattle.$2fast$0(OCoLC)fst01204940
=647  \7$aLongshoremen's Strike$d(1971-1972)$2fast$0(OCoLC)fst01002429
=648  \7$a1971-1972$2fast
=655  \7$anewspaper clippings.$2aat$0(CStmoGRI)aatgf300429554
=655  \7$acommercial correspondence.$2aat$0(CStmoGRI)aatgf300026914
=655  \7$aprinted ephemera.$2aat$0(CStmoGRI)aatgf300264821
=655  \7$arecords (documents)$2aat$0(CStmoGRI)aatgf300026685
=655  \7$abusiness records.$2aat$0(CStmoGRI)aatgf300141693
=655  \7$anewsletters.$2aat$0(CStmoGRI)aatgf300026652
=655  \7$anews bulletins.$2aat$0(CStmoGRI)aatgf300026435
=655  \7$aSources.$2fast$0(OCoLC)fst01423900
=655  \7$aHistory.$2fast$0(OCoLC)fst01411628
=655  \7$aArchives.$2fast$0(OCoLC)fst01423700
=655  \7$aBusiness correspondence.$2fast$0(OCoLC)fst01919897
=655  \7$aEphemera.$2fast$0(OCoLC)fst01919921
=655  \7$aNewsletters.$2fast$0(OCoLC)fst01919943
=655  \7$aRecords (Documents)$2fast$0(OCoLC)fst01919961
=655  \7$aScripts.$2fast$0(OCoLC)fst01424189
=655  \7$aRadio scripts.$2lcgft
=655  \7$aBusiness correspondence.$2lcgft
=655  \7$aEphemera.$2lcgft
=655  \7$aRecords (Documents)$2lcgft
=655  \7$aNewsletters.$2lcgft
=655  \7$aTextes d'émissions radiophoniques.$2rvmgf$0(CaQQLa)RVMGF-000000422
=655  \7$aCorrespondance commerciale.$2rvmgf$0(CaQQLa)RVMGF-000001162
=655  \7$aDocuments éphémères.$2rvmgf$0(CaQQLa)RVMGF-000001046
=655  \7$aDocuments administratifs.$2rvmgf$0(CaQQLa)RVMGF-000001054
=655  \7$aLettres d'informations.$2rvmgf$0(CaQQLa)RVMGF-000001104
=710  2\$aLabor Archives of Washington,$ecurator.
=856  42$uhttp://archiveswest.orbiscascade.org/ark:/80444/xv02502$zConnect to the online finding aid for this collection.
=049  \\$aWAUW

