=LDR  10676cpcaa2200961 i 4500
=001  1128817765
=008  191125i19002007wau\\\\\\\\\\\\\\\\\eng\d
=006  gnnn\\\\\\\\a\\\∎n
=005  20220406192821.1
=040  \\$aWAU$beng$erda$edacs$cWAU$dWAU$dOCLCO$dWAU$dOCLCF$dWAU$dOCLCO
=043  \\$an-us-wa
=046  \\$k1900$l2007$2edtf
=110  2\$aUNITE HERE (Organization).$bLocal 8,$ecreator.
=245  10$aUNITE HERE! Local 8 records.
=264  \0$capproximately 1900-2007.
=300  \\$a32.99$fcubic feet$a(37 boxes and 1 folder)
=336  \\$atext$btxt$2rdacontent
=337  \\$aunmediated$bn$2rdamedia
=338  \\$asheet$bnb$2rdacarrier
=338  \\$amicrofiche$bhe$2rdacarrier
=338  \\$amicrofilm roll$bhj$2rdacarrier
=351  \\$aArranged into 5 series and 16 subgroups: Series 1: Minutes. Series 2: Membership records. Series 3: Financial records. Series 4: Constitutions and bylaws of Local 8 and related Local Unions. Series 5: Reference materials, artifacts and ephemera. Subgroup 1: Seattle Joint Local Executive Board. Subgroup 2: Cooks and Assistants Local 33, Seattle. Subgroup 3: Waitresses Local 240, Seattle. Subgroup 4: Dining Room, Employees Local 3, Seattle. Subgroup 5: Bartenders Local 487, Seattle. Subgroup 6: Hotel, Motel and Club Service Employees Union Local 551, Seattle. Subgroup 7: Hotel, Motel and Restaurant Employees Local 400, Spokane. Subgroup 8: Tacoma Joint Local Executive Board. Subgroup 9: Hotel, Motel and Restaurant Employees Local 61, Tacoma. Subgroup 10: Local 20, Tacoma. Subgroup 11: Hotel and Restaurant Employees and Bartenders Local 791, Aberdeen. Subgroup 12: Culinary and Beverage Workers Union Local 529, Bellingham. Subgroup 13: Culinary Workers and Bartenders Union Local 451, Everett. Subgroup 14: Cooks and Waiters Culinary Alliance Local 730, Bremerton. Subgroup 15: Culinary Workers and Bartenders Local 596, Renton. Subgroup 16: Local 61 Building Corporation.
=545  1\$aUNITE HERE is an international labor union in the United States and Canada with roughly 300,000 active members. The union represents workers in the hotel, food service, laundry, warehouse, and casino gaming industries. The union was formed by a 2004 merger of two international unions: the Union of Needletrades, Industrial, and Textile Employees (UNITE) and Hotel Employees and Restaurant Employees Union (HERE). In 2005, UNITE HERE withdrew from the AFL-CIO and joined the Change to Win Federation, along with several other unions, including the Teamsters, Service Employees International Union (SEIU) and the UFCW. In May 2009, union president Bruce Raynor (originally from UNITE) left UNITE HERE, taking with him numerous local unions and between 105,000 and 150,000 members, mostly garment workers and a labor-owned bank, Amalgamated Bank. They formed a new SEIU affiliate called Workers United. In 2009, UNITE HERE re-affiliated with the AFL-CIO. UNITE HERE local unions in larger cities were typically organized on a craft basis, with separate organizations for job classifications such as cooks, waitresses, waiters, bartenders and hotel employees. Where separate craft local unions existed, there was often a Local Joint Executive Board which coordinated between the craft locals. UNITE HERE! Local 8 was formed in 2004 as a result of the merger of the Union of Needletrades, Industrial and Textile Employees (UNITE) and the Hotel and Restaurant Employees Union (HERE). It represents workers in the hospitality industry in Oregon and Washington. Local 8 of the Hotel, Motel and Restaurant Employees Union was formed in 1984 by a merger of Puget Sound-area locals 3, 33, 487, 551, and 596. Other local unions in Washington and Oregon later merged into Local 8 as well.
=520  2\$aUnion records in this collection consist primarily of meeting minutes, membership records, and financial records. The membership records are mainly in the form of dues ledgers, which record members' initiation date and dues payments as well as suspension and reinstatement dates and transfers between local unions. In some cases these ledgers record workers' home addresses and employers. These records are organized in record subgroups corresponding to the local organization that created them. Local 8 records in this collection have some overlap with the records of the local unions which merged to form it. Local 8 records include minutes (1974-1979), membership records (1971-1991), financial records (1978-1986), as well as constitutions and bylaws of related local unions (1927-1984). Records from Seattle-area local unions include those from Cooks and Assistants, Local 33 (membership records, 1908-1977); Waitresses, Local 240 (membership records, 1900-1960; financial records, 1963-1970); Dining Room Employees, Local 3 - a merger of the Waiters Local 239 and Waitresses, Local 240 (membership records, 1950-1970); Bartenders Union, Local 487 (meeting minutes, 1942-1971; membership records, 1918-1967; financial records, 1919-1934); and Hotel, Motel and Club Service Employees, Local 551 (membership records, 1947-1970). Records of the Seattle Joint Executive Board include meeting attendance records (1915-1976), financial records (1903-1974), and collective bargaining records (1957-1975). Spokane, Local 400 records include collective bargaining records (1943-1979) and legal records (1980-1983). Tacoma Joint Local Executive Board records include correspondence and legal records (1969-1976). Records from Tacoma, Local 61 include meeting minutes (1902-1979), membership records (1901-1953), financial records (1901-1969) and collective bargaining records (1917-1970). Local 61, together with Bartenders Union, Local 711, merged to form Local 20 in 1979; this organization is represented here by a small group of records. Tacoma Local 61 established the Local 61 Building Corporation to own and manage its union hall in downtown Tacoma, which it purchased in 1945. Records of this corporation include minutes, property and financial records, and correspondence related to the ownership of the building (1945-1976).Other local union records include those from local unions in Aberdeen (Hotel and Restaurant Employees and Bartenders' Union, Local 791), Bellingham (Culinary and Beverage Workers Union, Local 529), Everett (Culinary Workers and Bartenders, Local 451), Bremerton (Cooks and Waiters Culinary Alliance, Local 730), and Renton (Culinary Workers and Bartenders, Local 596).
=506  \\$aAccess to portions of the collection is restricted. Contact University of Washington Libraries Special Collections for details.
=540  \\$aCreator's copyrights transferred to the University of Washington Libraries Special Collections.
=541  \\$cDonated by$aUNITE HERE! Local 8.
=524  \\$aLabor Archives of Washington, University of Washington Libraries, Special Collections, UNITE HERE! Local 8 records, 6290-001, box number, folder number.
=546  \\$aCollection materials are in English.
=500  \\$aForms part of the Labor Archives of Washington.
=610  20$aUNITE HERE (Organization).$bLocal 8$xHistory$vArchives.
=610  20$aUnion of Needletrades, Industrial and Textile Employees$xHistory$vSources.
=610  20$aHotel Employees & Restaurant Employees International Union$xHistory$vSources.
=650  \0$aFood industry and trade$xEmployees$xLabor unions$zWashington (State)$xHistory$vSources.
=650  \0$aLabor$zWashington (State)
=650  \0$aLabor unions$zWashington (State)
=650  \0$aLabor movement$zWashington (State)
=650  \6$aAliments$0(CaQQLa)201-0162404$xIndustrie et commerce$0(CaQQLa)201-0162404$xPersonnel$0(CaQQLa)201-0162404$xSyndicats$0(CaQQLa)201-0162404$zWashington (État)$0(CaQQLa)201-0395184$xHistoire$0(CaQQLa)201-0382350$vSources.$0(CaQQLa)201-0382350
=650  \6$aTravail$0(CaQQLa)201-0093408$zWashington (État)$0(CaQQLa)201-0395184
=650  \6$aSyndicats$0(CaQQLa)201-0007001$zWashington (État)$0(CaQQLa)201-0395184
=650  \6$aMouvement ouvrier$0(CaQQLa)201-0078721$zWashington (État)$0(CaQQLa)201-0395184
=610  27$aHotel Employees & Restaurant Employees International Union.$2fast$0(OCoLC)fst00577270
=610  27$aUnion of Needletrades, Industrial and Textile Employees.$2fast$0(OCoLC)fst00710465
=650  \7$aFood industry and trade$xEmployees$xLabor unions.$2fast$0(OCoLC)fst00930868
=650  \7$aLabor.$2fast$0(OCoLC)fst00989798
=650  \7$aLabor movement.$2fast$0(OCoLC)fst00990079
=650  \7$aLabor unions.$2fast$0(OCoLC)fst00990260
=651  \7$aWashington (State)$2fast$0(OCoLC)fst01204703
=655  \2$aLetter$0(DNLM)D016422
=655  \2$aEphemera$0(DNLM)D019502
=655  \7$aledgers (account books)$2aat$0(CStmoGRI)aatgf300027496
=655  \7$amembership lists.$2aat$0(CStmoGRI)aatgf300027141
=655  \7$amembership cards.$2aat$0(CStmoGRI)aatgf300255378
=655  \7$acontract documents.$2aat$0(CStmoGRI)aatgf300027626
=655  \7$atranscripts.$2aat$0(CStmoGRI)aatgf300027388
=655  \7$acommercial correspondence.$2aat$0(CStmoGRI)aatgf300026914
=655  \7$aprinted ephemera.$2aat$0(CStmoGRI)aatgf300264821
=655  \7$aaccount books.$2aat$0(CStmoGRI)aatgf300027483
=655  \7$aAccount books.$2fast$0(OCoLC)fst01750150
=655  \7$aArchives.$2fast$0(OCoLC)fst01423700
=655  \7$aBusiness correspondence.$2fast$0(OCoLC)fst01919897
=655  \7$aEphemera.$2fast$0(OCoLC)fst01919921
=655  \7$aHistory.$2fast$0(OCoLC)fst01411628
=655  \7$aMinutes (Records)$2fast$0(OCoLC)fst01919940
=655  \7$aRecords (Documents)$2fast$0(OCoLC)fst01919961
=655  \7$aSources.$2fast$0(OCoLC)fst01423900
=655  \7$aTrial and arbitral proceedings.$2fast$0(OCoLC)fst01774319
=655  \7$aMinutes (Records)$2lcgft
=655  \7$aRecords (Documents)$2lcgft
=655  \7$aBusiness correspondence.$2lcgft
=655  \7$aEphemera.$2lcgft
=655  \7$aAccount books.$2lcgft
=655  \7$aTrial and arbitral proceedings.$2lcgft
=655  \7$aRegistres des membres.$2rvmgf$0(CaQQLa)RVMGF-000001718
=655  \7$aProcès-verbaux.$2rvmgf$0(CaQQLa)RVMGF-000001222
=655  \7$aDocuments administratifs.$2rvmgf$0(CaQQLa)RVMGF-000001054
=655  \7$aCorrespondance commerciale.$2rvmgf$0(CaQQLa)RVMGF-000001162
=655  \7$aDocuments éphémères.$2rvmgf$0(CaQQLa)RVMGF-000001046
=655  \7$aLivres comptables.$2rvmgf$0(CaQQLa)RVMGF-000001744
=655  \7$aComptes rendus de procès et d'arbitrage.$2rvmgf$0(CaQQLa)RVMGF-000001462
=710  2\$aLabor Archives of Washington,$ecurator.
=856  42$uhttp://archiveswest.orbiscascade.org/ark:/80444/xv675841$zConnect to the online finding aid for this collection
=049  \\$aWAUW

