=LDR  01303cpcaa22001933  4500
=001  874137798
=008  140321i19462006xx\\\\\\\\\\\\\\\\\\eng\d
=005  20230628210728.6
=040  \\$aWAU$beng$cWAU$dWAU$dOCLCO$dWAU
=110  2\$aUnited Association of Journeymen and Apprentices of the Plumbing and Pipe Fitting Industry.$bWashington State Association.
=245  10$aWashington State Association of U.A. of Journeymen and Apprentices of the Plumbing and Pipe Fitting Industry records,$f1946-2006$g(bulk: 1955-1980).
=300  \\$a6.06 cubic feet (6 boxes and 1 oversize folder)
=520  2\$aMeeting minutes, correspondence, contract negotiations, financial documents, legal cases, constitutions, by-laws, convention documents and resolutions.
=545  1\$aWashington State Association of U.A Plumbers and Pipefitters (WSA) was founded in 1921 to promote cooperation of all plumber and pipefitters local unions in the State of Washington so they may protect each local union member from "unjust and injurious competition."
=506  \\$aOpen to all users.
=540  \\$aCreator's literary rights transferred to the University of Washington Libraries.
=740  0\$aacc5800-001
=856  42$uhttps://archiveswest.orbiscascade.org/ark:80444/xv17755$zConnect to the online finding aid for this collection
=049  \\$aWAUW

