=LDR  04330cpcaa2200745 i 4500
=001  123949794
=008  070503i19181972wau\\\\\\\\\\\\\\\\\eng\d
=005  20220701221653.6
=040  \\$aWAU$beng$edacs$erda$cWAU$dWAU$dOCLCO$dOCLCQ$dWAU$dOCLCF$dWAU$dOCLCO
=046  \\$k1918$l1972$2edtf
=110  2\$aUnited Brotherhood of Carpenters and Joiners of America.$bDistrict Council (Seattle, Wash.),$ecreator.
=245  10$aUnited Brotherhood of Carpenters and Joiners of America, District Council records.
=264  \0$c1918-1972
=300  \\$a9.21$fcubic feet$a(9 boxes)
=336  \\$atext$btxt$2rdacontent
=337  \\$aunmediated$bn$2rdamedia
=338  \\$asheet$bnb$2rdacarrier
=500  \\$aForms a part of the Labor Archives of Washington.
=520  2\$aOrganizational features, correspondence, minutes, agreements, wage scales, financial records, by-laws, reports, conferences and conventions.
=506  \\$aNo restrictions on access. Material stored offsite; advance notice required for use.
=540  \\$aCreator's literary rights not transferred to the University of Washington Libraries.
=500  \\$aProcessing levels vary. Contact the repository for details.
=545  1\$aCity-wide coordinating body for affiliated local unions. Along with the Carpenters and Joiners of America, the organizations included in this accession are the Central Labor Council of Seattle and Vicinity, Northwest Chapter of Associated General Contractors of America, Seattle Department of Lighting, and Washington State Council of the United Brotherhood of Carpenters and Joiners of America.
=610  20$aUnited Brotherhood of Carpenters and Joiners of America.$bDistrict Council (Seattle, Wash.)$vArchives.
=650  \0$aCarpenters$xLabor unions$zWashington (State)$zSeattle.
=650  \0$aLabor unions$zWashington (State)$zSeattle.
=650  \0$aLabor$zWashington (State)$zSeattle.
=650  \0$aLabor movement$zWashington (State)$zSeattle.
=650  \0$aLabor union members$zWashington (State)$zSeattle.
=650  \6$aSyndicats$0(CaQQLa)201-0007001$zWashington (État)$0(CaQQLa)201-0394837$zSeattle.$0(CaQQLa)201-0394837
=650  \6$aTravail$0(CaQQLa)201-0093408$zWashington (État)$0(CaQQLa)201-0394837$zSeattle.$0(CaQQLa)201-0394837
=650  \6$aMouvement ouvrier$0(CaQQLa)201-0078721$zWashington (État)$0(CaQQLa)201-0394837$zSeattle.$0(CaQQLa)201-0394837
=650  \6$aSyndiqués$0(CaQQLa)201-0268551$zWashington (État)$0(CaQQLa)201-0394837$zSeattle.$0(CaQQLa)201-0394837
=650  \7$aCarpenters$xLabor unions.$2fast$0(OCoLC)fst00847827
=650  \7$aLabor.$2fast$0(OCoLC)fst00989798
=650  \7$aLabor movement.$2fast$0(OCoLC)fst00990079
=650  \7$aLabor union members.$2fast$0(OCoLC)fst00990256
=650  \7$aLabor unions.$2fast$0(OCoLC)fst00990260
=651  \7$aWashington (State)$zSeattle.$2fast$0(OCoLC)fst01204940
=655  \7$arecords (documents)$2aat$0(CStmoGRI)aatgf300026685
=655  \7$abusiness records.$2aat$0(CStmoGRI)aatgf300141693
=655  \7$acommercial correspondence.$2aat$0(CStmoGRI)aatgf300026914
=655  \7$abylaws (administrative records)$2aat$0(CStmoGRI)aatgf300027433
=655  \7$aprinted ephemera.$2aat$0(CStmoGRI)aatgf300264821
=655  \7$aArchives.$2fast$0(OCoLC)fst01423700
=655  \7$aBusiness correspondence.$2fast$0(OCoLC)fst01919897
=655  \7$aBy-laws.$2fast$0(OCoLC)fst01423762
=655  \7$aEphemera.$2fast$0(OCoLC)fst01919921
=655  \7$aMaps.$2fast$0(OCoLC)fst01423704
=655  \7$aRecords (Documents)$2fast$0(OCoLC)fst01919961
=655  \7$aRecords (Documents)$2lcgft
=655  \7$aBusiness correspondence.$2lcgft
=655  \7$aBy-laws.$2lcgft
=655  \7$aMaps.$2lcgft
=655  \7$aEphemera.$2lcgft
=655  \7$aDocuments administratifs.$2rvmgf$0(CaQQLa)RVMGF-000001054
=655  \7$aCorrespondance commerciale.$2rvmgf$0(CaQQLa)RVMGF-000001162
=655  \7$aStatuts.$2rvmgf$0(CaQQLa)RVMGF-000001472
=655  \7$aCartes géographiques.$2rvmgf$0(CaQQLa)RVMGF-000000197
=655  \7$aDocuments éphémères.$2rvmgf$0(CaQQLa)RVMGF-000001046
=710  2\$aLabor Archives of Washington,$ecurator.
=740  0\$aAcc1851-004.
=740  0\$aAcc1851-001.
=856  42$uhttp://archiveswest.orbiscascade.org/ark:/80444/xv90502/$zConnect to the online finding aid for this collection.
=049  \\$aWAUW

