=LDR  03313cpcaa22004817a 4500
=001  28410939
=008  880803i19111958wau\\\\\\\\\\\\\\\\\eng\d
=005  20220725155827.7
=010  \\$a   88797836 
=040  \\$aWAU$beng$edacs$cWAU$dDLC$dOCL$dOCLCQ$dNUCMC$dWAU$dOCLCA$dOCLCF$dWAU$dOCLCO$dOCLCQ
=043  \\$an-us-wa
=110  2\$aUnited Brotherhood of Carpenters and Joiners of America.$bLocal 1289 (Seattle, Wash.)
=245  10$aUnited Brotherhood of Carpenters and Joiners of America, Local 1289 records,$f1911-1958.
=300  \\$a64 cubic feet.
=545  1\$aTrade union organization. Local 1289 is a Seattle affiliate of the United Brotherhood of Carpenters and Joiners of America.
=520  2\$aCorrespondence (1922-1948), minutes (1911-1946), financial records (1918-1948), membership files (1911-1951), legal documents, reports, speeches, writings, election records (1924, 1943, 1945), convention proceedings, ephemera, and other records; together with minutes, financial records, reports, and other papers, of Central Labor Council of Seattle and Vicinity (1923-1930), Seattle Building Trades Council (1923-1944), and Washington State Council of United Brotherhood of Carpenters and Joiners of America (1922-1958).
=506  \\$aAccess restricted: For terms of access contact repository.
=540  \\$aCreator's literary rights not transferred to the University of Washington Libraries.
=541  \\$aMerlin C. Brown, Secretary, Carpenters Local 1289, UBC and Joiners of America, Seattle;, September 10, 1969.
=555  0\$aFinding aid available in the repository and on the World Wide Web.
=610  20$aUnited Brotherhood of Carpenters and Joiners of America.$bLocal 1289 (Seattle, Wash.)$vArchives.
=650  \0$aCarpenters$zWashington (State)
=650  \0$aWoodworkers$zWashington (State)
=650  \0$aCarpenters$xLabor unions$zWashington (State)
=650  \0$aWoodworkers$xLabor unions$zWashington (State)
=650  \0$aBuilding trades$zWashington (State)
=650  \0$aBuilding trades$xEmployees$xLabor unions$zWashington (State)
=650  \6$aCharpentiers$0(CaQQLa)201-0009980$zWashington (État)$0(CaQQLa)201-0395184
=650  \6$aMétiers de la construction$0(CaQQLa)201-0034508$zWashington (État)$0(CaQQLa)201-0395184
=650  \6$aOuvriers de la construction$0(CaQQLa)201-0091173$xSyndicats$0(CaQQLa)201-0091173$zWashington (État)$0(CaQQLa)201-0395184
=650  \7$aBuilding trades.$2fast$0(OCoLC)fst00840860
=650  \7$aBuilding trades$xEmployees$xLabor unions.$2fast$0(OCoLC)fst00840869
=650  \7$aCarpenters.$2fast$0(OCoLC)fst00847822
=650  \7$aCarpenters$xLabor unions.$2fast$0(OCoLC)fst00847827
=650  \7$aWoodworkers.$2fast$0(OCoLC)fst01179911
=650  \7$aWoodworkers$xLabor unions.$2fast$0(OCoLC)fst01179915
=651  \7$aWashington (State)$2fast$0(OCoLC)fst01204703
=655  \7$aArchives.$2fast$0(OCoLC)fst01423700
=710  2\$aCentral Labor Council of Seattle and Vicinity.
=710  2\$aSeattle Building Trades Council.
=710  2\$aUnited Brotherhood of Carpenters and Joiners of America.$bWashington State Council.
=856  42$uhttp://archiveswest.orbiscascade.org/ark:/80444/xv50500/op=fstyle.aspx?t=k&q=WAUUnitedBrotherhoodCarpentersJoinersAmerica1227$zConnect to the online finding aid for this collection.
=049  \\$aWAUW

