=LDR  03013cpcaa22004937a 4500
=001  28415226
=008  880826i18881960xx\\\\\\\\\\\\\\\\\\eng\d
=005  20220725172939.9
=010  \\$a   88798207 $bms 87001851 
=040  \\$aWaU$beng$edacs$cDLC$dWAU$dOCLCQ$dNUCMC$dWAU$dOCLCA$dOCLCF$dOCLCO$dOCLCQ
=043  \\$an-us-wa
=110  2\$aUnited Brotherhood of Carpenters and Joiners of America.$bLocal 131 (Seattle, Wash.)
=245  10$aUnited Brotherhood of Carpenters and Joiners of America, Local 131 records,$f1888-1960.
=300  \\$a9 cubic feet.
=545  1\$aTrade union organization. Local 131 is a Seattle affiliate of the United Brotherhood of Carpenters and Joiners of America.
=520  2\$aCorrespondence (1923-1952), organizational materials, minutes (1908-1960), financial records (1897-1951), reports (1910), yearbooks, and other records. Includes Washington Benevolent Association records and minutes of the Portland, Seattle, and Tacoma Building Trades councils.
=506  \\$aAccess restricted: For terms of access contact repository.
=540  \\$aCreator's literary rights not transferred to the University of Washington Libraries.
=541  \\$aDonated by Robert Simon, Secretary, Carpenters Local 131, UBC and J of America, September 10, 1969
=555  0\$aFinding aid available in the repository and on the World Wide Web.
=610  20$aUnited Brotherhood of Carpenters and Joiners of America.$bLocal 131 (Seattle, Wash.)$vArchives.
=650  \0$aLabor unions$zWashington (State)
=650  \0$aCarpenters$zWashington (State)
=650  \0$aWoodworkers$zWashington (State)
=650  \0$aFraternal organizations$zWashington (State)
=650  \0$aLabor union welfare funds$zWashington (State)
=650  \6$aSyndicats$0(CaQQLa)201-0007001$zWashington (État)$0(CaQQLa)201-0395184
=650  \6$aCharpentiers$0(CaQQLa)201-0009980$zWashington (État)$0(CaQQLa)201-0395184
=650  \6$aSociétés d'aide mutuelle$0(CaQQLa)201-0046552$zWashington (État)$0(CaQQLa)201-0395184
=650  \6$aSyndicats$0(CaQQLa)201-0003172$xCaisses de prévoyance sociale$0(CaQQLa)201-0003172$zWashington (État)$0(CaQQLa)201-0395184
=650  \7$aCarpenters.$2fast$0(OCoLC)fst00847822
=650  \7$aFraternal organizations.$2fast$0(OCoLC)fst01430375
=650  \7$aLabor union welfare funds.$2fast$0(OCoLC)fst00990257
=650  \7$aLabor unions.$2fast$0(OCoLC)fst00990260
=650  \7$aWoodworkers.$2fast$0(OCoLC)fst01179911
=651  \7$aWashington (State)$2fast$0(OCoLC)fst01204703
=655  \7$aArchives.$2fast$0(OCoLC)fst01423700
=655  \7$aYearbooks.$2ftamc
=710  2\$aWashington Benevolent Association (Seattle, Wash.)
=710  2\$aPortland Building Trades Council (Portland, Or.)
=710  2\$aSeattle Building Trades Council.
=710  2\$aTacoma Building Trades Council.
=856  42$uhttp://digital.lib.washington.edu/findingaids/view?docId=UnitedBrotherhoodCarpentersJoinersAmerica1228.xml$zConnect to the online finding aid for this collection.
=049  \\$aWAUW

