=LDR  07136cpcaa2200877 i 4500
=001  864724204
=008  131205i19002012wau\\\\\\\\\\\\\\\\\eng\d
=005  20220702085836.9
=040  \\$aWAU$beng$edacs$erda$cWAU$dWAU$dOCLCQ$dOCLCO$dWAU$dOCLCO$dWAU$dOCLCF$dWAU$dOCLCO
=041  0\$heng
=046  \\$o1896$p2012$2edtf
=110  2\$aUnited Food and Commercial Workers International Union.$bLocal 81 (Seattle, Wash.),$ecurator.
=245  10$aUnited Food and Commercial Workers International Union, Local 81 records.
=264  \0$c1896-2012.
=300  \\$a99.93 cubic feet$a(110 boxes)
=300  \\$a1 package
=300  \\$a1 tube
=300  \\$a1vertical file
=336  \\$atext$btxt$2rdacontent
=337  \\$aunmediated$bn$2rdamedia
=338  \\$asheet$bnb$2rdacarrier
=351  \\$aThe collection is divided into 10 Record Groups based on the creating or collecting organization, with a Temporary Record Group at the end for previously restricted-access files only    Record groups 1-9 are divided into subgroups based on organizational activity. Record subgroups are further divided, where applicable, into parts based on specific record types, then creating officer or committee, followed by employer groups, and finally, arranged chronologically within these. Files in boxes 91-112 have been kept in their original order, with box/folder numbers corresponding to their places within boxes 1-90. These files will be re-integrated into the collection.
=351  \\$aRecord Group 1: United Food and Commercial Workers Local 81: Records collected and published by United Food and Commercial Workers Local 81 between 1896 and 2012.    Record Group 2: Packinghouse Local 186: Records collected and published by Packinghouse Local 186 between 1900 and 1984.    Record Group 3: Meat and Provision Salesmens Union Local 228: Records collected and published by Meat and Provision Salesmens Union Local 228 between 1937 and 1949.    Record Group 4: United Food and Commercial Workers Local 554: Records collected and published by United Food and Commercial Workers Local 554 between 1910 and 1999.    Record Group 5: United Food and Commercial Workers Local 44: Records collected and published by United Food and Commercial Workers Local 44 between 1986 and 2001.    Record Group 6: United Food and Commercial Workers Local 1105: Records collected and published by United Food and Commercial Workers Local 1105 between 1980 and 2001.    Record Group 7: United Garment Workers: Records collected and published by United Garment Workers between 1936 and 1999.    Record Group 8: United Garment Workers Local 17: Records collected and published by United Garment Workers Local 17 between 1903 and 1997.    Record Group 9: United Garment Workers Local 201: Records collected and published by United Garment Workers Local 201 between 1911 and 1979.    Record Group 10: Temporarily Restricted Files. (Open to researchers now)
=545  1\$aUnited Food and Commercial Workers International Union; (UFCW) was formed by the merger of Amalgamated Meat Cutters and Retail Clerks unions, at the special conventions of the two unions on June 5 and 6, 1979.
=520  2\$aThe United Food and Commercial Workers Local 81 Records includes records created and collected by the UFCW Local 81 (previously the Amalgamated Meat Cutters and Butcher Workmen of North America, Local 81), as well as records created and collected by organizations that have merged with this local over the years.
=506  \\$aOpen to all users.
=540  \\$aThe creators' literary rights have been transferred to the University of Washington Libraries.
=541  \\$cAcquired from:$aUnited Food and Commercial Workers, Local 81,$d, April 17, 2020.
=546  \\$aCollection materials are in English.
=544  \\$nMaterial described separately in the Repository: United Food and Commerical Workers International Union, Local 81 photograph collection (Collection No. PH1176).
=610  20$aUnited Food and Commercial Workers International Union.$bLocal 81 (Seattle, Wash.)$vArchives.
=610  20$aAmalgamated Meat Cutters and Butcher Workmen of North America$xHistory$vSources.
=650  \0$aLabor unions$zWashington (State)$xHistory$vSources.
=650  \0$aButchers (Persons)$zWashington (State)$xHistory$vSources.
=650  \0$aGrocery trade$zWashington (State)$xHistory$vSources.
=650  \0$aGrievance procedures$zWashington (State)
=650  \0$aStrikes and lockouts$zWashington (State)
=650  \6$aSyndicats$0(CaQQLa)201-0007001$zWashington (État)$0(CaQQLa)201-0395184$xHistoire$0(CaQQLa)201-0382350$vSources.$0(CaQQLa)201-0382350
=650  \6$aGriefs (Relations industrielles)$0(CaQQLa)201-0019696$zWashington (État)$0(CaQQLa)201-0395184
=610  27$aAmalgamated Meat Cutters and Butcher Workmen of North America.$2fast$0(OCoLC)fst00561179
=650  \7$aButchers (Persons)$2fast$0(OCoLC)fst02002105
=650  \7$aGrievance procedures.$2fast$0(OCoLC)fst00947918
=650  \7$aGrocery trade.$2fast$0(OCoLC)fst00948035
=650  \7$aLabor unions.$2fast$0(OCoLC)fst00990260
=650  \7$aStrikes and lockouts.$2fast$0(OCoLC)fst01135030
=651  \7$aWashington (State)$2fast$0(OCoLC)fst01204703
=655  \7$afinancial records.$2aat$0(CStmoGRI)aatgf300027473
=655  \7$arecords (documents)$2aat$0(CStmoGRI)aatgf300026685
=655  \7$abusiness records.$2aat$0(CStmoGRI)aatgf300141693
=655  \7$abylaws (administrative records)$2aat$0(CStmoGRI)aatgf300027433
=655  \7$aconstitutions.$2aat$0(CStmoGRI)aatgf300027437
=655  \7$acommercial correspondence.$2aat$0(CStmoGRI)aatgf300026914
=655  \7$aminute books.$2aat$0(CStmoGRI)aatgf300135375
=655  \7$aminutes (administrative records)$2aat$0(CStmoGRI)aatgf300027440
=655  \7$aArchives.$2fast$0(OCoLC)fst01423700
=655  \7$aBusiness correspondence.$2fast$0(OCoLC)fst01919897
=655  \7$aBy-laws.$2fast$0(OCoLC)fst01423762
=655  \7$aConstitutions.$2fast$0(OCoLC)fst01774254
=655  \7$aHistory.$2fast$0(OCoLC)fst01411628
=655  \7$aMinutes (Records)$2fast$0(OCoLC)fst01919940
=655  \7$aRecords (Documents)$2fast$0(OCoLC)fst01919961
=655  \7$aSources.$2fast$0(OCoLC)fst01423900
=655  \7$aRecords (Documents)$2lcgft
=655  \7$aBy-laws.$2lcgft
=655  \7$aConstitutions.$2lcgft
=655  \7$aBusiness correspondence.$2lcgft
=655  \7$aMinutes (Records)$2lcgft
=655  \7$aDocuments administratifs.$2rvmgf$0(CaQQLa)RVMGF-000001054
=655  \7$aStatuts.$2rvmgf$0(CaQQLa)RVMGF-000001472
=655  \7$aConstitutions.$2rvmgf$0(CaQQLa)RVMGF-000001434
=655  \7$aCorrespondance commerciale.$2rvmgf$0(CaQQLa)RVMGF-000001162
=655  \7$aProcès-verbaux.$2rvmgf$0(CaQQLa)RVMGF-000001222
=710  2\$aLabor Archives of Washington,$ecurator.
=856  42$uhttp://archiveswest.orbiscascade.org/ark:/80444/xv41351$zConnect to the online finding aid for this collection
=856  42$uhttp://archiveswest.orbiscascade.org/ark:/80444/xv03225$zConnect to the finding aid for United Food and Commercial Workers International Union, Local 81 photograph collection, 1900-2003
=049  \\$aWAUW

