=LDR  06547cpc a2200985 i 4500
=001  123949621
=008  070503i19201968wau\\\\\\\\\\\\\\\\\eng\d
=005  20230712161656.8
=040  \\$aWAU$beng$erda$edacs$cWAU$dOCLCG$dOCLCA$dWAU$dOCLCQ$dOCLCO$dWAU$dOCLCF
=043  \\$an-us-wa
=046  \\$o1920$p1968$2edtf
=100  1\$aVelasco, Victorio A.,$d1902-1968,$ecreator.
=245  10$aVictorio A. Velasco papers.
=264  \0$c1920-1968
=300  \\$aapproximately 15.17 cubic ft
=336  \\$atext$btxt$2rdacontent
=337  \\$aunmediated$bn$2rdamedia
=338  \\$asheet$bnb$2rdacarrier
=338  \\$avolume$bnc$2rdacarrier
=386  \\$aAmericans$aWashingtonians (Washington State)$aSeattleites$2lcdgt
=386  \\$aFilipino Americans$2lcdgt
=520  2\$aCorrespondence, diary, speeches and writings, ephemera, programs, newsletters, newspapers, minutes, reports, 1920-1968, including personal papers and records of Seattle Filipino-American and civic organizations to which Velasco belonged. Also includes records, 1935-68, of several cannery unions in which Velasco was a member and delegate, and records of the "Filipino Forum," 1928-67, and other Seattle Filipino newspapers and newsletters which Velasco edited. Campaign materials from local union elections are in subgroups throughout the accession. Personal Papers include Velasco's poems, letters to family and friends, schoolwork, date books, and other materials. The remainder of the Personal Papers consists of publications that he collected, speeches and writings, newspapers and ephemera from Filipino community organizations.
=545  0\$aJournalist, labor organization leader, civic leader, poet. Velasco was born in Asingan, Pangasinan, Philippines around 1903 and migrated to the U.S. in 1924. He attended several colleges in Washington, completing undergraduate and graduate degrees at the University of Washington. He worked in Alaskan canneries during the summers and served as an officer and delegate in several cannery unions. He was editor of the Filipino Forum in Seattle from 1928 until his death. He also edited other newsletters and newspapers. He was President of the Filipino Community of Seattle and served on the board of other Filipino-American and Seattle civic organizations. He also wrote poetry. He died in Alaska in 1968.
=500  \\$aView digital versions of some newspapers in this collection. Some of the newspapers in this accession are available on microfilm in the Microform and Newspaper Collection. Microfilm A4137 has the Filipino Forum and A5612 has other Filipino-American newspapers from Washington State.
=506  \\$aOpen to all users.
=540  \\$aSome restrictions exist on duplication, quotation, or publication. Contact the repository for details.
=541  \\$cDonated by$aJosefina Queriubin Velasco,$d1970, 1972.
=541  \\$cDonated by$aRufino F. Cacabelos,$d1977.
=544  1\$nSeparated materials in the following collections of this repository:$dVictorio Velasco Photograph Collection
=600  10$aVelasco, Victorio A.,$d1902-1968$vArchives.
=650  \0$aJournalists$zWashington (State)$zSeattle$xArchives.
=650  \0$aLabor unions$zWashington (State)$zSeattle$xOfficials and employees$xArchives.
=650  \0$aCivic leaders$zWashington (State)$zSeattle$xArchives.
=650  \0$aPoets, American$xArchives.
=650  \0$aFilipino Americans$zWashington (State)$zSeattle$xArchives.
=650  \0$aFilipino Americans$zWashington (State)$zSeattle$xHistory$vSources.
=650  \0$aJournalists$zWashington (State)$zSeattle$xHistory$vSources.
=650  \0$aLabor unions$zWashington (State)$zSeattle$xOfficials and employees$xHistory$vSources.
=650  \0$aCivic leaders$zWashington (State)$zSeattle$xHistory$vSources.
=650  \0$aCannery workers$xLabor unions$xHistory$vSources.
=650  \0$aLabor$zWashington (State)$zSeattle$xHistory$vSources.
=650  \0$aLabor unions$zWashington (State)$zSeattle$xHistory$vSources.
=650  \0$aLabor movement$zWashington (State)$zSeattle$xHistory$vSources.
=600  17$aVelasco, Victorio A.,$d1902-1968.$2fast$0(OCoLC)fst01718533
=650  \7$aCannery workers$xLabor unions.$2fast$0(OCoLC)fst00845848
=650  \7$aCivic leaders.$2fast$0(OCoLC)fst00862334
=650  \7$aFilipino Americans.$2fast$0(OCoLC)fst00924194
=650  \7$aJournalists.$2fast$0(OCoLC)fst00984188
=650  \7$aLabor.$2fast$0(OCoLC)fst00989798
=650  \7$aLabor movement.$2fast$0(OCoLC)fst00990079
=650  \7$aLabor unions.$2fast$0(OCoLC)fst00990260
=650  \7$aLabor unions$xOfficials and employees.$2fast$0(OCoLC)fst00990289
=650  \7$aPoets, American.$2fast$0(OCoLC)fst01067794
=651  \7$aWashington (State)$zSeattle.$2fast$0(OCoLC)fst01204940
=655  \7$aNewspaper clippings.$2aat
=655  \7$aPublications (documents).$2aat
=655  \7$aArticles.$2aat
=655  \7$aNewsletters.$2aat
=655  \7$aArchives.$2fast$0(OCoLC)fst01423700
=655  \7$aBusiness correspondence.$2fast$0(OCoLC)fst01919897
=655  \7$aDiaries.$2fast$0(OCoLC)fst01423794
=655  \7$aEphemera.$2fast$0(OCoLC)fst01919921
=655  \7$aHistory.$2fast$0(OCoLC)fst01411628
=655  \7$aMinutes (Records)$2fast$0(OCoLC)fst01919940
=655  \7$aPeriodicals.$2fast$0(OCoLC)fst01411641
=655  \7$aPersonal correspondence.$2fast$0(OCoLC)fst01919948
=655  \7$aPrograms (Publications)$2fast$0(OCoLC)fst01919956
=655  \7$aRecords (Documents)$2fast$0(OCoLC)fst01919961
=655  \7$aSources.$2fast$0(OCoLC)fst01423900
=655  \7$aSpeeches.$2fast$0(OCoLC)fst01774286
=655  \7$aPersonal correspondence.$2lcgft
=655  \7$aBusiness correspondence.$2lcgft
=655  \7$aRecords (Documents)$2lcgft
=655  \7$aDiaries.$2lcgft
=655  \7$aPeriodicals.$2lcgft
=655  \7$aEphemera.$2lcgft
=655  \7$aSpeeches.$2lcgft
=655  \7$aMinutes (Records)$2lcgft
=655  \7$aPrograms (Publications)$2lcgft
=710  2\$aLabor Archives of Washington,$ecurator.
=856  42$uhttps://archiveswest.orbiscascade.org/ark:80444/xv62872$zConnect to the finding aid for this collection$70
=856  42$uhttps://archiveswest.orbiscascade.org/ark:80444/xv78659$zConnect to related finding aid$70
=856  42$uhttps://archiveswest.orbiscascade.org/ark:80444/xv82650$zConnect to related finding aid$70
=856  41$uhttps://digitalcollections.lib.washington.edu/digital/search/searchterm/1435-003/field/all/mode/exact/conn/and/order/title$zConnect to the digital version of this collection$70
=049  \\$aWAUW

