=LDR  03885cpcaa2200709 i 4500
=001  123949373
=008  070503i19201977wau\\\\\\\\\\\\\\\\\eng\d
=005  20220809135142.5
=040  \\$aWAU$beng$erda$edacs$cWAU$dWAU$dOCLCO$dOCLCQ$dWAU$dOCLCF$dOCLCO$dOCL$dWAU
=046  \\$o1920$p1977$2edtf
=110  2\$aWashington Education Association,$ecreator.
=245  10$aWashington Education Association records.
=264  \0$c1920-1977
=300  \\$a63.56$fcubic feet$a(includes oversize)
=336  \\$atext$btxt$2rdacontent
=337  \\$aunmediated$bn$2rdamedia
=338  \\$asheet$bnb$2rdacarrier
=338  \\$avolume$bnc$2rdacarrier
=351  \\$aOrganized into 4 accessions: Accession No. 0731-001, Washington Education Association records, 1920-1966; Accession No. 0731-003, Washington Education Association records, 1960-1972; Accession No. 0731-004, Washington Education Association records, 1945-1973; Accession No. 0731-005, Washington Education Association records, 1962-1977.
=545  0\$aThe Washington Education Association (WEA) is the statewide teachers' union for the state of Washington, United States. It was founded on April 2-3, 1889 as the Washington State Teachers Association. The WEA was the defendant in Davenport v. Washington Education Ass'n, a landmark public-sector union case decided by the Supreme Court of the United States.
=520  2\$aCorrespondence, minutes, conference files, ephemera, legislation, memoranda, photographs.
=506  \\$aNo restrictions on access.
=541  \\$cDoanted by:$aWEA,$dJune 19, 1967; November 3, 1975; August 1, 1978; May 1, 1981.
=540  \\$aSome restrictions exist on duplication, quotation, or publication. Contact the repository for details.
=610  20$aWashington Education Association$vArchives.
=650  \0$aTeachers' unions$zWashington (State)$xHistory$vSources.
=610  27$aWashington Education Association.$2fast$0(OCoLC)fst00586456
=650  \7$aTeachers' unions.$2fast$0(OCoLC)fst01144535
=651  \7$aWashington (State)$2fast$0(OCoLC)fst01204703
=655  \7$aAlbums (Books)$2fast$0(OCoLC)fst01726784
=655  \2$aLetter$0(DNLM)D016422
=655  \2$aPhotograph$0(DNLM)D059036
=655  \2$aEphemera$0(DNLM)D019502
=655  \7$ascrapbooks.$2aat$0(CStmoGRI)aatgf300027341
=655  \7$acommercial correspondence.$2aat$0(CStmoGRI)aatgf300026914
=655  \7$aphotographs.$2aat$0(CStmoGRI)aatgf300046300
=655  \7$aprinted ephemera.$2aat$0(CStmoGRI)aatgf300264821
=655  \7$aArchives.$2fast$0(OCoLC)fst01423700
=655  \7$aBusiness correspondence.$2fast$0(OCoLC)fst01919897
=655  \7$aConference materials.$2fast$0(OCoLC)fst01919904
=655  \7$aEphemera.$2fast$0(OCoLC)fst01919921
=655  \7$aHistory.$2fast$0(OCoLC)fst01411628
=655  \7$aMinutes (Records)$2fast$0(OCoLC)fst01919940
=655  \7$aNewsletters.$2fast$0(OCoLC)fst01919943
=655  \7$aPhotographs.$2fast$0(OCoLC)fst01423689
=655  \7$aSources.$2fast$0(OCoLC)fst01423900
=655  \7$aMinutes (Records)$2lcgft
=655  \7$aBusiness correspondence.$2lcgft
=655  \7$aConference materials.$2lcgft
=655  \7$aPhotographs.$2lcgft
=655  \7$aNewsletters.$2lcgft
=655  \7$aEphemera.$2lcgft
=655  \7$aAlbums (Books)$2lcgft
=655  \7$aAlbums personnalisés.$2rvmgf$0(CaQQLa)RVMGF-000001033
=655  \7$aProcès-verbaux.$2rvmgf$0(CaQQLa)RVMGF-000001222
=655  \7$aCorrespondance commerciale.$2rvmgf$0(CaQQLa)RVMGF-000001162
=655  \7$aDocuments de congrès.$2rvmgf$0(CaQQLa)RVMGF-000001050
=655  \7$aPhotographies.$2rvmgf$0(CaQQLa)RVMGF-000001676
=655  \7$aLettres d'informations.$2rvmgf$0(CaQQLa)RVMGF-000001104
=655  \7$aDocuments éphémères.$2rvmgf$0(CaQQLa)RVMGF-000001046
=856  42$uhttps://archiveswest.orbiscascade.org/ark:/80444/xv96002/$zConnect to the finding aid for this collection.
=049  \\$aWAUW

