=LDR  04780cpcaa2200601 i 4500
=001  962029793
=008  161103i19141997wau\\\\\\\\\\\\\\\\\eng\d
=005  20220529125354.3
=040  \\$aWAU$beng$edacs$cWAU$dWAU$dOCLCO$dWAU$dOCLCF$dOCLCA$dWAU$dOCLCO
=110  2\$aWashington State Council of Fire Fighters,$ecreator.
=245  10$aWashington State Council of Fire Fighters.
=264  \0$c1914-1997
=300  \\$a.66$fcubic feet$a(2 boxes)
=336  \\$atext$btxt$2rdacontent
=337  \\$aunmediated$bn$2rdamedia
=338  \\$asheet$bnb$2rdacarrier
=545  0\$aThe Washington State Council of Fire Fighters (WSCFF) was founded on September 1, 1939, and represents 130 affiliated local fire fighter unions and more than 6900 affiliated members of the International Association of Fire Fighters (IAFF) within the state. The WSCFF's mission is to provide the best possible working conditions, the safest work environment, and the fairest wages and benefits to fulfill the needs of the men and women in this profession. The council is active on local and national fronts with regard to issues that affect its members. The WSCFF administers several major programs in addition to political action. Education is provided through regional classes and one comprehensive educational seminar per year. An annual Convention is held to elect officers and determine policy and direction of the WSCFF. Legal assistance is provided through direct response financial loans or retention of counsel. Representation is provided when needed and requested for contract negotiations, mediation, interest arbitration, grievance arbitration, and other matters. The WSCFF's Board of Directors is made up of its executive officers and an elected representative from 11 geographic regions (WSCFF districts across the state). Since WSCFF and legislative districts are not the same, there is some overlap whereby WSCFF board members represent multiple legislative districts. The WSCFF is affiliated with the International Association of Fire Fighters (IAFF), American Federation of Labor and Congress of Industrial Organizations (AFL-CIO), Washington State Labor Council (WSLC) and Canadian Labor Congress (CLC). (Source; WSCFF website www.wscff.org)
=520  2\$aConference files, subject files on legislation, bylaws of organization, and correspondence on activities of WSCFF.
=506  \\$aNo restrictions on access.
=540  \\$aStatus of creator's copyrights is unknown; restrictions may exist on copying, quotation, or publication. Users are responsible for researching copyright status before use.
=500  \\$aForms part of the Labor Archives of Washington.
=541  \\$cDonated by$athe Labor Education and Research Center, South Seattle Community College,$d2014-12-03
=610  20$aWashington State Council of Fire Fighters$vArchives.
=610  20$aWashington State Council of Fire Fighters$vCongresses.
=650  \0$aFire fighters$xLabor unions$zWashington (State)
=650  \0$aFire fighters$zWashington (State)
=650  \0$aLabor$zWashington (State)
=650  \6$aPompiers$0(CaQQLa)201-0066466$xSyndicats$0(CaQQLa)201-0066466$zWashington (État)$0(CaQQLa)201-0395184
=650  \6$aPompiers$0(CaQQLa)201-0066467$zWashington (État)$0(CaQQLa)201-0395184
=650  \6$aTravail$0(CaQQLa)201-0093408$zWashington (État)$0(CaQQLa)201-0395184
=610  27$aWashington State Council of Fire Fighters.$2fast$0(OCoLC)fst01610878
=650  \7$aFire fighters.$2fast$0(OCoLC)fst00925379
=650  \7$aFire fighters$xLabor unions.$2fast$0(OCoLC)fst00925397
=650  \7$aLabor.$2fast$0(OCoLC)fst00989798
=651  \7$aWashington (State)$2fast$0(OCoLC)fst01204703
=655  \7$acommercial correspondence.$2aat$0(CStmoGRI)aatgf300026914
=655  \7$abylaws (administrative records)$2aat$0(CStmoGRI)aatgf300027433
=655  \7$arecords (documents)$2aat$0(CStmoGRI)aatgf300026685
=655  \7$abusiness records.$2aat$0(CStmoGRI)aatgf300141693
=655  \7$aArchives.$2fast$0(OCoLC)fst01423700
=655  \7$aBusiness correspondence.$2fast$0(OCoLC)fst01919897
=655  \7$aBy-laws.$2fast$0(OCoLC)fst01423762
=655  \7$aConference papers and proceedings.$2fast$0(OCoLC)fst01423772
=655  \7$aRecords (Documents)$2fast$0(OCoLC)fst01919961
=655  \7$aBusiness correspondence.$2lcgft
=655  \7$aBy-laws.$2lcgft
=655  \7$aRecords (Documents)$2lcgft
=655  \7$aCorrespondance commerciale.$2rvmgf$0(CaQQLa)RVMGF-000001162
=655  \7$aStatuts.$2rvmgf$0(CaQQLa)RVMGF-000001472
=655  \7$aDocuments administratifs.$2rvmgf$0(CaQQLa)RVMGF-000001054
=710  2\$aLabor Archives of Washington,$ecurator.
=856  42$uhttp://archiveswest.orbiscascade.org/ark:/80444/xv42269$zConnect to the online finding aid for this collection
=049  \\$aWAUW

