=LDR  02263cpc a22004091a 4500
=001  28408470
=008  881102i19061967wau\\\\\\\\\\\\\\\\\eng\d
=005  20220330220410.2
=010  \\$a   88798715 
=040  \\$aWAU$beng$eappm$cWAU$dDLC$dOCL$dOCLCQ$dNUCMC$dWAU$dOCLCF$dOCLCA$dOCLCO
=043  \\$an-us-wa
=110  2\$aWashington State Federation of Labor.
=245  00$aWashington State Federation of Labor records,$f1906-1967;$g(bulk 1920-1967).
=300  \\$a45.44 cubic feet (including 2 microfilm reels, 1 package and 1 vertical file)
=500  \\$aThe material described in this catalog record is located in the collections of the University of Washington Libraries (Seattle).
=545  \\$aMerged into Washington State Labor Council, AFL-CIO, in 1957.
=520  8\$aCorrespondence, financial records, minutes, and other papers, relating to statewide programs for constituent unions, right to work laws, lobbying, relations with the American Federation of Labor, and other topics.
=561  \\$aAcquired 1963 and 1974.
=555  8\$aFinding aid in the repository.
=650  \0$aLabor unions$zWashington (State)
=650  \0$aLobbying$zWashington (State)
=650  \0$aOpen and closed shop$xLaw and legislation$zWashington (State)
=610  20$aAFL-CIO.$bWashington State Labor Council.
=610  20$aAmerican Federation of Labor.
=651  \4$aWashington (State)$xLabor$xLabor unions.
=650  \6$aSyndicats$0(CaQQLa)201-0007001$zWashington (État)$0(CaQQLa)201-0395184
=650  \6$aLobbying$0(CaQQLa)201-0043342$zWashington (État)$0(CaQQLa)201-0395184
=610  27$aAFL-CIO.$bWashington State Labor Council.$2fast$0(OCoLC)fst00602885
=610  27$aAmerican Federation of Labor.$2fast$0(OCoLC)fst00535672
=650  \7$aLabor unions.$2fast$0(OCoLC)fst00990260
=650  \7$aLobbying.$2fast$0(OCoLC)fst01001123
=650  \7$aOpen and closed shop$xLaw and legislation.$2fast$0(OCoLC)fst01046062
=651  \7$aWashington (State)$2fast$0(OCoLC)fst01204703
=740  0\$aacc0301-001
=851  \\$aUniversity of Washington Libraries$e(Seattle).
=856  42$uhttp://www.lib.washington.edu/specialcoll/findaids/docs/papersrecords/WashingtonStateFederationofLabor0301.xml$zConnect to the online finding aid for this collection
=049  \\$aWAUW

