=LDR  08415cpcaa22013097i 4500
=001  28408534
=005  20220725150132.2
=008  881103i18802010xx\\\\\\\\\\\\\\\\\\eng\d
=010  \\$a   88798735 $bms 87001022 
=040  \\$aWaU$beng$edacs$erda$cDLC$dWAU$dOCLCQ$dWAU$dOCLCG$dWAU$dOCL$dOCLCQ$dWAU$dOCLCO$dOCLCA$dWAU$dOCLCF$dWAU$dOCLCA$dWAU$dOCLCA$dOCL$dWAU$dOCLCO$dOCLCQ
=019  \\$a231694754
=043  \\$an-us-wa
=046  \\$k1880$l2010
=049  \\$aWAUW
=110  2\$aAFL-CIO.$bWashington State Labor Council.
=245  10$aAFL-CIO, Washington State Labor Council records.
=264  \0$c1880-2010 (bulk circa 1945-1995)
=300  \\$aapproximately 208$fcubic feet
=336  \\$atext$btxt$2rdacontent
=336  \\$athree-dimensional form$btdf$2rdacontent
=336  \\$atwo-dimensional moving image$btdi$2rdacontent
=337  \\$aaudio$bs$2rdamedia
=337  \\$avideo$bv$2rdamedia
=338  \\$aaudiocassette$bss$2rdacarrier
=338  \\$asheet$bnb$2rdacarrier
=338  \\$aobject$bnr$2rdacarrier
=338  \\$avideocassette$bvf$2rdacarrier
=386  \\$nnat$aWashingtonians$2lcdgt
=500  \\$aForms a part of the Labor Archives of Washington.
=545  1\$aFormed in 1957 by a merger of the Washington State Federation of Labor and the Washington State CIO Council, the Washington State Labor Council (WSLC) became the main political and legislative arm of the AFL-CIO in Washington State. With headquarters in Seattle, Washington, the WLSC lobbied to defeat right-to-work initiatives, won an extension of the 40 hour maximum work week, and an expansion of the unemployment insurance system during the late 1950s. In 1966, the Council launched a major new effort, dubbed Project '66, which effectively increased labor's influence and broadened its political agenda by increasing the amount of money that member unions paid to the Council and doubling the WSLC's staff. These changes allowed the WSLC to monitor government agencies and to lobby on additional areas of legislative interest, such as tax reform and consumer protection. The new program did score a few notable victories, including winning limited collective bargaining rights for public employees and broadening the workers' compensation program. Over the years, WLSC officers and staff included: Evan (Ed) Weston, president, 1957-1961; Joe Davis, president, 1962-1980; Marvin Williams, secretary-treasurer, 1959-1980, president, 1985-1993; Lawrence Kenney, research director, 1969-1980, secretary-treasurer, 1980-1985, president, 1985-1993; Louis Stewart, education director, 1967-1982.
=520  2\$aThe AFL-CIO, Washington State Labor Council records primarily cover the early years of this group, which was formed to advocate on behalf of union members and to affect labor laws and related legislation in Washington State.$bThe collection includes correspondence, minutes, administrative files, reports, subject files, audio tapes, videocassettes, ephemera, and artifacts. It includes records from the term of Joe Davis as president (1961-1979), with lesser amounts from the terms of his predecessor, Evan Weston, and his successor, Marvin L. Williams (1979-1986). Also included are records from Williams during his tenure as secretary-treasurer, 1959-1979; together with records of Louis Stewart, education director, from 1967; Sam Kinville, government affairs director, 1967-1974; and Lawrence Kenney, research director, from 1969. Among the other groups that are significantly represented in the records is the AFL-CIO Committee on Political Education.
=506  \\$aOpen to all users, but access to portions of the papers restricted. Contact Special Collections for details.
=540  \\$aRestrictions may exist on reproduction, quotation, or publication. Contact Special Collections for details.
=524  \\$aAFL-CIO, Washington State Labor Council records. Special Collections, University of Washington Libraries, Seattle, Washington.
=541  \\$cGift of$aAFL-CIO, Washington State Labor Council between$d1964 and 2016.
=610  20$aAFL-CIO.$bWashington State Labor Council$vArchives.
=600  10$aKenney, Lawrence.
=600  10$aBender, Rick$vCorrespondence.
=600  10$aDavis, Joe$q(Joe H.)
=600  10$aKinville, Sam.
=600  10$aStewart, Louis.
=600  10$aWeston, Evan M.
=600  10$aWilliams, Marvin L.
=610  20$aAFL-CIO.$bCommittee on Political Education.
=650  \0$aLabor$zWashington (State)
=650  \0$aLabor unions$xPolitical activity.
=650  \0$aLabor unions$zWashington (State)
=650  \0$aLabor unions$xFinance.
=650  \0$aLabor movement$zWashington (State)
=650  \0$aWorkers' compensation$zWashington (State)
=651  \0$aWashington (State)$xLabor unions.
=651  \0$aWashington (State)$xPolitics and government.
=650  \6$aTravail$0(CaQQLa)201-0093408$zWashington (État)$0(CaQQLa)201-0395184
=650  \6$aSyndicats$xActivité politique.$0(CaQQLa)201-0053796
=650  \6$aSyndicats$0(CaQQLa)201-0007001$zWashington (État)$0(CaQQLa)201-0395184
=650  \6$aSyndicats$xFinances.$0(CaQQLa)201-0010109
=650  \6$aMouvement ouvrier$0(CaQQLa)201-0078721$zWashington (État)$0(CaQQLa)201-0395184
=650  \6$aTravail$0(CaQQLa)201-0002299$xAccidents$0(CaQQLa)201-0002299$xIndemnisation$0(CaQQLa)201-0002299$zWashington (État)$0(CaQQLa)201-0395184
=651  \6$aWashington (État)$0(CaQQLa)201-0113960$xSyndicats.$0(CaQQLa)201-0378916
=651  \6$aWashington (État)$xPolitique et gouvernement.$0(CaQQLa)201-0106090
=600  17$aDavis, Joe$q(Joe H.)$2fast$0(OCoLC)fst00238372
=600  17$aKinville, Sam.$2fast$0(OCoLC)fst00238383
=600  17$aStewart, Louis.$2fast$0(OCoLC)fst00238384
=600  17$aWeston, Evan M.$2fast$0(OCoLC)fst00238386
=600  17$aWilliams, Marvin L.$2fast$0(OCoLC)fst00238385
=610  27$aAFL-CIO.$bCommittee on Political Education.$2fast$0(OCoLC)fst00576370
=610  27$aAFL-CIO.$bWashington State Labor Council.$2fast$0(OCoLC)fst00602885
=650  \7$aLabor.$2fast$0(OCoLC)fst00989798
=650  \7$aLabor movement.$2fast$0(OCoLC)fst00990079
=650  \7$aLabor unions.$2fast$0(OCoLC)fst00990260
=650  \7$aLabor unions$xFinance.$2fast$0(OCoLC)fst00990276
=650  \7$aLabor unions$xPolitical activity.$2fast$0(OCoLC)fst00990299
=650  \7$aPolitics and government.$2fast$0(OCoLC)fst01919741
=650  \7$aWorkers' compensation.$2fast$0(OCoLC)fst01180345
=651  \7$aWashington (State)$2fast$0(OCoLC)fst01204703
=655  \7$aaudiotapes.$2aat$0(CStmoGRI)aatgf300028653
=655  \7$acorrespondence.$2aat$0(CStmoGRI)aatgf300026877
=655  \7$aMinutes.$2aat
=655  \7$areports.$2aat$0(CStmoGRI)aatgf300027267
=655  \7$aprinted ephemera.$2aat$0(CStmoGRI)aatgf300264821
=655  \7$acommercial correspondence.$2aat$0(CStmoGRI)aatgf300026914
=655  \7$aminute books.$2aat$0(CStmoGRI)aatgf300135375
=655  \7$aminutes (administrative records)$2aat$0(CStmoGRI)aatgf300027440
=655  \7$asound recordings.$2aat$0(CStmoGRI)aatgf300028633
=655  \7$aArchives.$2fast$0(OCoLC)fst01423700
=655  \7$aBusiness correspondence.$2fast$0(OCoLC)fst01919897
=655  \7$aEphemera.$2fast$0(OCoLC)fst01919921
=655  \7$aMinutes (Records)$2fast$0(OCoLC)fst01919940
=655  \7$aPersonal correspondence.$2fast$0(OCoLC)fst01919948
=655  \7$aSound recordings.$2fast$0(OCoLC)fst01411639
=655  \7$aEphemera.$2lcgft
=655  \7$aBusiness correspondence.$2lcgft
=655  \7$aMinutes (Records)$2lcgft
=655  \7$aSound recordings.$2lcgft
=655  \7$aDocuments éphémères.$2rvmgf$0(CaQQLa)RVMGF-000001046
=655  \7$aCorrespondance commerciale.$2rvmgf$0(CaQQLa)RVMGF-000001162
=655  \7$aProcès-verbaux.$2rvmgf$0(CaQQLa)RVMGF-000001222
=655  \7$aEnregistrements sonores.$2rvmgf$0(CaQQLa)RVMGF-000000201
=710  2\$aLabor Archives of Washington,$ehost institution.
=740  0\$aAcc0450-002
=740  0\$aAcc0450-008
=740  0\$aAcc0450-006
=740  0\$aAcc0450-007
=740  0\$aAcc0450-015
=740  0\$aAcc0450-003
=740  0\$aAcc0450-005
=740  0\$aAcc0450-009
=740  0\$aAcc0450-013
=740  0\$aAcc0450-016
=740  0\$aAcc0450-017
=851  \\$aUniversity of Washington Libraries (Seattle)
=856  42$uhttp://archiveswest.orbiscascade.org/ark:/80444/xv94338$zConnect to the online finding aid for this collection

