=LDR  02249npcaa22002657a 4500
=001  1390766721
=005  20230719194443.2
=008  230719i19221934xx\\\\\\a\\\\\\\\\\\eng\d
=040  \\$aWAU$beng$cWAU
=049  \\$aWAUW
=100  1\$aHopkinson, E. William,$d1875-1956,$ecreator.
=245  10$aE. William Hopkinson papers,$f1922-1934.
=246  30$aE. William Hopkinson papers,$f1922-1934
=300  \\$a1 microfilm reel (positive)
=520  2\$aMicrofilm of a diary (1922-23), financial and supply records (1922-23), correspondence (1922-34), an agreement with the Soviet of Labor and Defense, constitution and bylaws, prospectus, maps, and other materials of the Industrial Workers of the World Autonomous Industrial Colony in the Kuznetsk Basin, Kemeroro, U.S.S.R., for which Hopkinson, of Pierce County, Washington, was a timber expert.
=540  \\$aSome restrictions exist on duplication, quotation, or publication. Contact the repository for details.
=545  0\$aEdwin William Hopkinson (1875-1956) was born in Iola, Kansas. He was a labor activist, farmer, chicken rancher, and chairman of Communist Party of Pierce County, Washington as well as the timber expert of the Autonomous Industrial Colony in Kuznetsk Basin, Kemerovo, Siberia (it was a mining operation). He was a member of the Industrial Workers of the World, and closely associated with the Unemployed Citizens Council of Pierce County, with the Washington Pension Union, and leftist movements. His wife Mary (Bartels) Hopkinson was also an activist in labor movements, especially the Washington Pension Union.
=500  \\$aFilmed from originals in possession of Dr. Mary Hopkinson (widow), 5/24/1964.
=600  10$aHopkinson, E. William,$d1875-1956$vArchives.
=610  20$aIndustrial Workers of the World$vArchives.
=655  \7$aDiaries.$2lcgft
=655  \7$aRecords (Documents)$2lcgft
=787  08$iComplemented by (work):$aHopkinson, E. William, 1875-1956.$tE. William and Mary Hopkinson papers, 1922-1934$w(OCoLC)123949267
=856  42$uhttps://archiveswest.orbiscascade.org/ark:80444/xv30520$zConnect to the online finding aid for this collection.
=856  42$uhttp://archiveswest.orbiscascade.org/ark:/80444/xv356902$zConnect to the online finding aid for related collection.

