=LDR  03567cpcaa22005537a 4500
=001  28375461
=005  20230628203326.5
=008  880708i19261965xx\\\\\\\\\\\\\\\\\\eng\d
=010  \\$a   88797165 $bms 87001077 
=040  \\$aWaU$beng$edacs$cDLC$dWAU$dOCLCQ$dOCLCG$dNUCMC$dWAU$dOCLCA$dOCLCF$dOCL$dWAU$dOCLCO$dOCLCQ$dOCLCO$dOCLCA$dWAU
=043  \\$an-us-wa
=049  \\$aWAUW
=100  1\$aBassett, Samuel B.,$d1896-1971.
=245  00$aSamuel B. Bassett papers,$f1926-1965.
=300  \\$a3 linear feet.
=545  0\$aSamuel B. Bassett was a Seattle plaintiffs lawyer who practiced with George Vandeveer from 1924-1942 and represented the Joint Council of Teamsters, No. 28 and various Teamster locals.
=520  2\$aPersonal correspondence, case and client files, and ms. and printed briefs, concerning Bassett's practice with George Vanderveer, and his representation of various clients, including Teamsters' unions. Includes a sample of legal records showing early and distinctive cases, including a wire tapping case, an Indian fishing rights case, a case involving dismissal of a University of Washington basketball coach, and cases involving Seattle labor unions and labor leaders, including Frank Brewster.
=506  \\$aAccess restricted.
=540  \\$aCreator's literary rights not transferred to the University of Washington Libraries.
=541  \\$aDonated by Bassett, Donaldson & Hafer, 1/1/1972.
=555  0\$aFinding aid available in the repository and on the World Wide Web.
=600  10$aBassett, Samuel B.,$d1896-1971$vArchives.
=600  10$aVanderveer, George F.$q(George Francis),$d1875-1942.
=610  20$aInternational Brotherhood of Teamsters, Chauffeurs, Warehousemen, and Helpers of America.$bJoint Council No. 28 (Seattle, Wash.)
=610  20$aTeamsters Local 690 (Spokane, Wash.)
=650  \0$aLawyers$zWashington (State)$zSeattle$vArchives.
=650  \0$aFishery law and legislation$zWashington (State)
=650  \0$aIndians of North America$xFishing$xLaw and legislation.
=650  \0$aIndians of North America$zWashington (State)
=650  \0$aLabor unions$zWashington (State)
=650  \0$aWiretapping$zWashington (State)
=650  \6$aPeuples autochtones$zWashington (État)$0(CaQQLa)201-0013956
=650  \6$aSyndicats$0(CaQQLa)201-0007001$zWashington (État)$0(CaQQLa)201-0395184
=650  \6$aÉcoute électronique$0(CaQQLa)201-0008997$zWashington (État)$0(CaQQLa)201-0395184
=600  17$aVanderveer, George F.$q(George Francis),$d1875-1942$2fast$0(OCoLC)fst00209024
=610  27$aInternational Brotherhood of Teamsters, Chauffeurs, Warehousemen, and Helpers of America.$bJoint Council No. 28 (Seattle, Wash.)$2fast$0(OCoLC)fst00629202
=610  27$aTeamsters Local 690 (Spokane, Wash.)$2fast$0(OCoLC)fst00629201
=650  \7$aFishery law and legislation.$2fast$0(OCoLC)fst00926220
=650  \7$aIndians of North America.$2fast$0(OCoLC)fst00969633
=650  \7$aIndians of North America$xFishing$xLaw and legislation.$2fast$0(OCoLC)fst00969747
=650  \7$aLabor unions.$2fast$0(OCoLC)fst00990260
=650  \7$aLawyers.$2fast$0(OCoLC)fst00994346
=650  \7$aWiretapping.$2fast$0(OCoLC)fst01176227
=651  \7$aWashington (State)$2fast$0(OCoLC)fst01204703
=651  \7$aWashington (State)$zSeattle.$2fast$0(OCoLC)fst01204940
=655  \7$aArchives.$2fast$0(OCoLC)fst01423700
=655  \7$aBriefs.$2ftamc
=710  2\$aLabor Archives of Washington,$ecurator.
=856  42$uhttps://archiveswest.orbiscascade.org/ark:80444/xv63375$zConnect to the online finding aid for this collection.

