=LDR  02866cpcaa22004331i 4500
=001  28411546
=005  20220613144520.1
=008  881214i19031928xx\\\\\\\\\\\\\\\\\\eng\d
=010  \\$a   88798980 
=040  \\$aWAU$beng$edacs$cWAU$dDLC$dOCL$dOCLCQ$dWAU$dOCLCA$dOCLCF$dOCLCA$dWAU$dOCLCO
=043  \\$an-us-wa
=049  \\$aWAUW
=245  00$aSeattle union record business records,$f1903-1928$g(bulk 1918-1928)
=300  \\$aapproximately 6.17 cubic feet (8 boxes)
=545  1\$aThe Seattle Union Record was a labor newspaper published from 1899 to 1928. For most of its life it was published by the Central Labor Council of Seattle; Harry Ault was the paper's editor from 1912 to 1928.  The paper was published weekly from 1899 until 1918, when it became a daily.  The paper played an important role in the Seattle General Strike of 1919.
=520  2\$aLedgers, stockholder records, subscription lists and other financial records of the paper.  The bulk of the records date from the period when the Seattle Union Record published as a daily, 1918-1928.
=506  \\$aOpen to all users, but the records are stored off site and advance notice is required for use. Contact the Special Collections division of the University of Washington Libraries.
=540  \\$aThe creator's literary rights have not been transferred to the University of Washington Libraries.
=541  \\$aSource: Mrs. Harry E.B. Ault, 1956.
=650  \0$aAmerican newspapers$zWashington (State)$zSeattle.
=650  \0$aLabor unions$zWashington (State)$zSeattle.
=650  \0$aLabor unions$zWashington (State)
=651  \0$aSeattle (Wash.)$vNewspapers.
=650  \0$aLabor journalism$zWashington (State)$zSeattle.
=610  20$aCentral Labor Council of Seattle and Vicinity.
=630  04$aSeattle union record (Seattle, Wash.)
=650  \6$aJournaux américains$0(CaQQLa)201-0011529$zWashington (État)$0(CaQQLa)201-0394837$zSeattle.$0(CaQQLa)201-0394837
=650  \6$aSyndicats$0(CaQQLa)201-0007001$zWashington (État)$0(CaQQLa)201-0394837$zSeattle.$0(CaQQLa)201-0394837
=650  \6$aSyndicats$0(CaQQLa)201-0007001$zWashington (État)$0(CaQQLa)201-0395184
=650  \6$aPresse ouvrière$0(CaQQLa)201-0028804$zWashington (État)$0(CaQQLa)201-0394837$zSeattle.$0(CaQQLa)201-0394837
=610  27$aCentral Labor Council of Seattle and Vicinity.$2fast$0(OCoLC)fst00629032
=650  \7$aAmerican newspapers.$2fast$0(OCoLC)fst00807293
=650  \7$aLabor journalism.$2fast$0(OCoLC)fst00989966
=650  \7$aLabor unions.$2fast$0(OCoLC)fst00990260
=651  \7$aWashington (State)$2fast$0(OCoLC)fst01204703
=651  \7$aWashington (State)$zSeattle.$2fast$0(OCoLC)fst01204940
=655  \7$aNewspapers.$2fast$0(OCoLC)fst01423814
=740  0\$aacc4312-001
=856  42$uhttp://archiveswest.orbiscascade.org/ark:/80444/xv76934$zConnect to the online finding aid for this collection

