=LDR  06535cpcaa2201057 i 4500
=001  28411082
=008  881209i19372006wau\\\\\\\\\\\\\\\\\eng\d
=005  20220623110003.6
=010  \\$a   88798943 
=040  \\$aWAU$beng$edacs$erda$cWAU$dDLC$dOCLCQ$dWAU$dOCLCF$dOCLCA$dOCL$dOCLCO$dWAU$dOCL$dOCLCA$dWAU$dOCLCO
=043  \\$an-us-wa
=046  \\$k1937$l2006$2edtf
=110  2\$aWashington State Federation of Teachers,$ecreator.
=245  10$aWashington State Federation of Teachers records.
=264  \0$c1937-2006
=300  \\$a22.8$fcubic feet$a(20 boxes)
=336  \\$atext$btxt$2rdacontent
=337  \\$aunmediated$bn$2rdamedia
=338  \\$asheet$bnb$2rdacarrier
=386  \\$aTeachers$2lcdgt
=500  \\$aForms a part of the Labor Archives of Washington.
=545  1\$aEstablished in 1935 as an affiliate of American Federation of Teachers; name later changed to Washington Federation of Teachers.
=520  2\$aOrganizational records, including constitutions, minutes of the union's executive board (1945-2002) and councils of the federation; administrative records; correspondence (1949-2002), convention and conference records (1945-2005).  Subject files (1943-2006) deal largely with organizing, collective bargaining and political issues but include substantial material related to the activities of local union affiliates.  Legal records include case files related to representation and grievance cases.  Publications include newsletters of the WSFT and of groups within it and of affiliates.  Related to the publication files is a series of records, daily filings (1969-1979), that consists of a chronological file of materials duplicated by the WSFT office for distribution to affiliates, including newsletters and circulars and publications produced for the state federation's affiliated local unions. Records of several affiliated organizations are also included in these records, including records of the Bremerton Federation of Teachers, AFT Local 336 (1935-1965);  Lake Washington Federation of Teachers, AFT Local 2298 (1970-1972);  Seattle Federation of Teachers, AFT Local 200 (1951-1972); and Seattle Community College Federation of Teachers, AFT Local 1789 (1970-1973).
=541  \\$cDonated by:$aFrank N. Morris$d02/10/1969.
=541  \\$cDonated by:$aRoss Rieder$d09/05/1973.
=541  \\$cDonated by:$aWashington State Federation of Teachers$d03/09/1976, 08/27/1981, 05/08/1984, 10/22/1984, 09/01/1987, 02/11/2009, and 05/13/2009.
=544  \\$3Related photographs are in the$arepository's Special Collections Division.
=610  20$aWashington State Federation of Teachers$vArchives.
=610  20$aWashington State Federation of Teachers$xMembership.
=610  20$aWashington State Federation of Teachers$xFinance.
=610  20$aWashington State Federation of Teachers$xEmployees.
=610  20$aAmerican Federation of Teachers.
=650  \0$aTeachers' unions$zWashington (State)$vArchives.
=650  \0$aTeachers' unions$vCongresses.
=650  \0$aLobbying$zWashington (State)
=650  \0$aEducation$zWashington (State)
=650  \0$aEducational law and legislation$zWashington (State)
=651  \0$aWashington (State)$xPolitics and government.
=650  \6$aLobbying$0(CaQQLa)201-0043342$zWashington (État)$0(CaQQLa)201-0395184
=651  \6$aWashington (État)$xPolitique et gouvernement.$0(CaQQLa)201-0106090
=610  27$aAmerican Federation of Teachers.$2fast$0(OCoLC)fst00543620
=610  27$aWashington State Federation of Teachers.$2fast$0(OCoLC)fst00642590
=650  \7$aEducation.$2fast$0(OCoLC)fst00902499
=650  \7$aEducational law and legislation.$2fast$0(OCoLC)fst00903503
=650  \7$aEmployees.$2fast$0(OCoLC)fst00909111
=650  \7$aFinance.$2fast$0(OCoLC)fst00924349
=650  \7$aLobbying.$2fast$0(OCoLC)fst01001123
=650  \7$aMembership requirements.$2fast$0(OCoLC)fst01353685
=650  \7$aPolitics and government.$2fast$0(OCoLC)fst01919741
=650  \7$aTeachers' unions.$2fast$0(OCoLC)fst01144535
=651  \7$aWashington (State)$2fast$0(OCoLC)fst01204703
=655  \7$anews bulletins.$2aat$0(CStmoGRI)aatgf300026435
=655  \7$anewsletters.$2aat$0(CStmoGRI)aatgf300026652
=655  \7$acommercial correspondence.$2aat$0(CStmoGRI)aatgf300026914
=655  \7$abusiness records.$2aat$0(CStmoGRI)aatgf300141693
=655  \7$arecords (documents)$2aat$0(CStmoGRI)aatgf300026685
=655  \7$aminutes (administrative records)$2aat$0(CStmoGRI)aatgf300027440
=655  \7$aminute books.$2aat$0(CStmoGRI)aatgf300135375
=655  \7$aprinted ephemera.$2aat$0(CStmoGRI)aatgf300264821
=655  \7$abriefs (legal documents)$2aat$0(CStmoGRI)aatgf300027618
=655  \7$acollective labor agreements.$2aat$0(CStmoGRI)aatgf300027630
=655  \7$aArchives.$2fast$0(OCoLC)fst01423700
=655  \7$aBusiness correspondence.$2fast$0(OCoLC)fst01919897
=655  \7$aCollective labor agreements.$2fast$0(OCoLC)fst01774247
=655  \7$aConference materials.$2fast$0(OCoLC)fst01919904
=655  \7$aConference papers and proceedings.$2fast$0(OCoLC)fst01423772
=655  \7$aEphemera.$2fast$0(OCoLC)fst01919921
=655  \7$aMinutes (Records)$2fast$0(OCoLC)fst01919940
=655  \7$aNewsletters.$2fast$0(OCoLC)fst01919943
=655  \7$aRecords and briefs.$2fast$0(OCoLC)fst01774301
=655  \7$aRecords (Documents)$2fast$0(OCoLC)fst01919961
=655  \7$aNewsletters.$2lcgft
=655  \7$aBusiness correspondence.$2lcgft
=655  \7$aRecords (Documents)$2lcgft
=655  \7$aMinutes (Records)$2lcgft
=655  \7$aEphemera.$2lcgft
=655  \7$aRecords and briefs.$2lcgft
=655  \7$aConference materials.$2lcgft
=655  \7$aCollective labor agreements.$2lcgft
=655  \7$aLettres d'informations.$2rvmgf$0(CaQQLa)RVMGF-000001104
=655  \7$aCorrespondance commerciale.$2rvmgf$0(CaQQLa)RVMGF-000001162
=655  \7$aDocuments administratifs.$2rvmgf$0(CaQQLa)RVMGF-000001054
=655  \7$aProcès-verbaux.$2rvmgf$0(CaQQLa)RVMGF-000001222
=655  \7$aDocuments éphémères.$2rvmgf$0(CaQQLa)RVMGF-000001046
=655  \7$aMémoires et documents judiciaires.$2rvmgf$0(CaQQLa)RVMGF-000001461
=655  \7$aDocuments de congrès.$2rvmgf$0(CaQQLa)RVMGF-000001050
=655  \7$aConventions collectives.$2rvmgf$0(CaQQLa)RVMGF-000001475
=710  2\$aLabor Archives of Washington,$ecurator.
=740  0\$aacc2201-001
=856  42$uhttp://archiveswest.orbiscascade.org/ark:/80444/xv52874/$zConnect to the online finding aid for this collection.
=049  \\$aWAUW

