=LDR  02026cpcaa22003857a 4500
=001  28408973
=008  880801i19061980xx\\\\\\\\\\\\\\\\\\eng\d
=005  20220725151209.0
=010  \\$a   88797668 $bms 87001908 
=040  \\$aWaU$beng$edacs$cDLC$dWAU$dNUCMC$dWAU$dOCLCA$dOCLCF$dOCLCO$dWAU$dOCLCO$dOCLCQ
=043  \\$an-us-wa
=110  2\$aWashington State Nurses Association.
=245  10$aWashington State Nurses Association records,$f1906-1980.
=300  \\$a74.31 cubic feet (73 boxes)
=545  1\$aThe Washington State Nurses Association was established in 1908 as the Washington State Graduate Nurses Association. The name was changed in 1940. It is affiliated with American Nurses Association.
=520  2\$aCorrespondence, organizational materials, drafts of speeches, writings, reports, financial records, newsletters, publications, grant and contract records, committee files, and subject files.
=506  \\$aOpen to all users.
=540  \\$aCreator's literary rights not transferred to the University of Washington Libraries.
=541  \\$aAcquired from various sources, 1970-1983.
=555  0\$aFinding aid available in the repository and on the World Wide Web.
=610  20$aWashington State Nurses Association$vArchives.
=650  \0$aNursing$zWashington (State)
=610  20$aAmerican Nurses Association.
=610  27$aAmerican Nurses Association.$2fast$0(OCoLC)fst00548771
=610  27$aWashington State Nurses Association.$2fast$0(OCoLC)fst00570658
=650  \7$aNursing.$2fast$0(OCoLC)fst01041731
=651  \7$aWashington (State)$2fast$0(OCoLC)fst01204703
=655  \7$aArchives.$2fast$0(OCoLC)fst01423700
=655  \7$aNewsletters.$2fast$0(OCoLC)fst01919943
=655  \7$aNewsletters.$2lcgft
=655  \7$aLettres d'informations.$2rvmgf$0(CaQQLa)RVMGF-000001104
=710  2\$aWashington State Graduate Nurses Association.
=740  0\$aAcc1385-009
=856  42$uhttp://archiveswest.orbiscascade.org/ark:/80444/xv63748/$zConnect to the online finding aid for this collection.
=049  \\$aWAUW

