=LDR  02865cpcaa2200517Ii 4500
=001  958848045
=008  160920s2014\\\\wau\\\\\\\\\\\\\\\\\eng\d
=005  20230317231626.5
=040  \\$aWAU$beng$erda$edacs$cWAU$dWAU$dOCLCA$dOCLCF$dWAU$dOCLCO$dWAU$dOCL
=046  \\$k2014$l2014
=245  00$aPeter Kolloen collection on Elias "Dutch" Schultz.
=264  \0$c2014.
=300  \\$a1$foversized folder and 1 vertical file
=336  \\$atext$btxt$2rdacontent
=337  \\$aunmediated$bn$2rdamedia
=338  \\$asheet$bnb$2rdacarrier
=386  \\$aStevedores$2lcdgt
=386  \\$aSeattleites$2lcdgt
=386  \\$aWashingtonians (Washington State)$2lcdgt
=386  \\$aAmericans$2lcdgt
=545  0\$aPeter Kolloen is a member of the Pacific Coast Pensioners Association of the International Longshore and Warehouse Union.
=520  2\$aCollection contains a short story "Dutch Schultz story" (Revision one July 2014) by Kolloen about sculptor, Spanish Civil War Veteran, World War II veteran, Communist Party member, and longshore worker Elias "Dutch" Schultz. The collection includes a display exhibit Kolloen created on Schultz that includes original photographs of him and his artworks as well as 1 poster relating to the Spanish Civil War that seem to be part of Schultz' own collection. Schultz died in 2006 at the age of 96.
=506  \\$aNo restrictions on access.
=540  \\$aCreator's copyrights transferred to the University of Washington Libraries Special Collections.
=500  \\$aForms part of the Labor Archives of Washington.
=541  \\$cDonated by$aPeter Kolloen$d2014-07-14.
=600  10$aSchultz, Elias,$d1910-2006$vArchives.
=600  10$aKolloen, Peter,$d1940-2020$vArchives.
=650  \0$aLabor movement$zWashington (State)
=650  \0$aLabor$zWashington (State)
=650  \0$aLabor unions$zWashington (State)
=650  \0$aPolitical activists$zWashington (State)$zSeattle.
=650  \6$aMouvement ouvrier$0(CaQQLa)201-0078721$zWashington (État)$0(CaQQLa)201-0395184
=650  \6$aTravail$0(CaQQLa)201-0093408$zWashington (État)$0(CaQQLa)201-0395184
=650  \6$aSyndicats$0(CaQQLa)201-0007001$zWashington (État)$0(CaQQLa)201-0395184
=650  \7$aPolitical activists.$2fast$0(OCoLC)fst01069192
=650  \7$aLabor.$2fast$0(OCoLC)fst00989798
=650  \7$aLabor movement.$2fast$0(OCoLC)fst00990079
=650  \7$aLabor unions.$2fast$0(OCoLC)fst00990260
=651  \7$aWashington (State)$zSeattle.$2fast$0(OCoLC)fst01204940
=651  \7$aWashington (State)$2fast$0(OCoLC)fst01204703
=655  \7$aArchives.$2fast$0(OCoLC)fst01423700
=700  1\$aKolloen, Peter,$d1940-2020,$ecollector,$eformer owner.
=710  2\$aLabor Archives of Washington,$ehost institution.
=856  42$uhttp://archiveswest.orbiscascade.org/ark:/80444/xv68481$zConnect to the online finding aid for this collection
=049  \\$aWAUW

