=LDR  01398cpcaa22002053  4500
=001  863543190
=008  131120i20062012xx\\\\\\\\\\\\\\\\\\eng\d
=005  20170307105253.3
=040  \\$aWAU$beng$cWAU$dWAU$dOCLCQ
=100  1\$aAhlquist, John C.
=245  10$aJohn Ahlquist and Margaret Levi research materials for the book, In the Interest of Others :$bOrganizations and Social Activism,$f2006-2012.
=300  \\$a5.57 cubic ft. (8 boxes and 1 oversize folder)
=520  2\$aPhotocopied archival material, audio files, DVDs of research materials, surveys to ILWU members, correspondence, and project records.
=545  0\$aJohn Ahlquist and Margaret Levi are authors of the book, In the Interest of Others: Organizations and Social Activism. The book is a political science investigation that examines why some organizations expand their scope of action in ways that do not benefit their members directly. The working title of the research project was Union Democracy Reexamined.
=506  \\$aOpen to all users but access to some portions of the collection are restricted.
=540  \\$aCreator's literary rights transferred to the University of Washington Libraries.
=500  \\$aProcessing levels vary. Contact the repository for details.
=700  1\$aLevi, Margaret.
=856  42$uhttp://archiveswest.orbiscascade.org/ark:/80444/xv64431$zConnect to the online finding aid for this collection
=049  \\$aWAUW

