=LDR  07294cpcaa22009497i 4500
=001  1143850464
=008  200311i19802006xxu\\\\\\\\\\\\\\\\\eng\d
=005  20220531164912.0
=040  \\$aWAU$beng$erda$edacs$cWAU$dWAU$dOCLCF$dWAU$dOCLCO$dOCLCQ$dOCLCO
=041  0\$heng
=043  \\$an-us-wa
=046  \\$o1980$p2006$2edtf
=100  1\$aApostolidis, Paul,$d1965-$ecreator,$ecollector.
=245  10$aPaul Apostolidis interviews and research materials on Pasco meatpacking plant workers.
=264  \0$c1980-2006, bulk 1997-2006
=300  \\$a4.31$fcubic feet$a(4 boxes)
=336  \\$atext$btxt$2rdacontent$3papers
=336  \\$atwo-dimensional moving image$btdi$2rdacontent$3DVDs VHS
=336  \\$astill image$bsti$2rdacontent$3photographs
=336  \\$aspoken word$bspw$2rdacontent$3audiocassettes
=337  \\$aunmediated$bn$2rdamedia$3papers photographs
=337  \\$avideo$bv$2rdamedia$3DVDs VHS
=337  \\$aaudio$bs$2rdamedia$3audiocassettes
=338  \\$asheet$bnb$2rdacarrier$3papers photographs
=338  \\$avideocassette$bvf$2rdacarrier$3VHS
=338  \\$avideodisc$bvd$2rdacarrier$3DVDs
=338  \\$aaudiocassette$bss$2rdacarrier$3audiocassettes
=351  \\$aArranged in two series: Series 1: Papers -- Series 2: Audiovisual material.
=386  \\$aPolitical scientists$2lcdgt
=386  \\$aMen$2lcdgt
=545  0\$aPaul Apostolidis teaches in the Government Department at the London School of Economics and Political Science in London, UK. Apostolidis was previously the T. Paul Chair of Political Science at Whitman College in Walla Walla, Washington where he taught classes on political theory and U.S. politics. His research focused on Latinx migrant laborers' work experiences, political organizations, and languages of collective action. His books include The Fight for Time: Migrant Day Laborers and the Politics of Precarity (Oxford University Press, 2019), Breaks in the Chain: What Immigrant Workers Can Teach America about Democracy (University of Minnesota Press, 2010), and Stations of the Cross: Adorno and Christian Right Radio (Duke University Press, 2000). Paul is co-editor of Public Affairs: Politics in the Age of Sex Scandals (Duke University Press, 2005). His current research explores neoliberal power relations via an analysis of work experiences and political organizing among migrant day laborers.
=520  2\$aThe collection contains interviews and research materials created and gathered by Paul Apostolidis which formed the basis for his 2010 book Breaks in the Chain: What Immigrant Workers Can Teach America about Democracy. Paper-based research materials include print transcriptions, newspaper articles, scholarly papers, materials from courses taught by Apostolidis at Whitman College, legal records, and correspondence with Teamsters, Tyson, and research team members. Audiovisual material consists primarily of original recordings on audiocassettes and minicassettes of about 40 interviews with immigrant meatpacking workers in Pasco who were members of International Brotherhood of Teamsters, Local 556 (the local represented workers at the Tyson/IBP beef plant in Wallula, Washington just outside Pasco; in 2005, Tyson destroyed the union through company-engineered decertification elections). Other audiovisual materials include VHS tapes, a DVD of news coverage, and depositions of employees.
=506  \\$aNo restrictions on access for paper-based materials; however, no user access copy is currently available for VHS tapes and audiocassette. Users may obtain a reproduction of the media for a fee by contacting Special Collections. Access to VHS tapes and interview audiocassette is restricted. An appointment with the Labor Archives curator is required prior to viewing. Contact UW Special Collections for more details or to request an appointment.
=540  \\$aRestrictions may exist on copying, quotation, or publication. Contact University of Washington Libraries Special Collections for details.
=541  \\$cDonated by:$aPaul Apostolidis.
=524  \\$aLabor Archives of Washington, University of Washington Libraries, Special Collections, Paul Apostolidis interviews and research materials on Pasco meatpacking plant workers, 6284-001, box number, folder number.
=544  1\$nApostolidis, Paul. 2010. Breaks in the Chain : What Immigrant Workers Can Teach America About Democracy. Minneapolis: University of Minnesota Press.
=500  \\$aForms part of the Labor Archives of Washington.
=600  10$aApostolidis, Paul,$d1965-$vArchives.
=600  10$aApostolidis, Paul,$d1965-$tBreaks in the chain$vSources.
=610  20$aInternational Brotherhood of Teamsters.$bLocal 556 (Pasco, Wash.)$xHistory$vSources.
=610  20$aTyson (Firm)$xHistory$vSources.
=610  20$aTyson (Firm)$xEmployees$xHistory$vSources.
=650  \0$aMeat industry and trade$zWashington (State)$zPasco$xHistory$vSources.
=650  \0$aPacking-house workers$zWashington (State)$zPasco$xHistory$vSources.
=650  \0$aPacking-house workers$xLabor unions$zWashington (State)$zPasco$xHistory$vSources.
=650  \0$aPacking-houses$zWashington (State)$zPasco$xHistory$vSources.
=650  \0$aLabor$zWashington (State)$zPasco$xHistory$vSources.
=650  \0$aLabor unions$zWashington (State)$zPasco$xHistory$vSources.
=650  \0$aLabor movement$zWashington (State)$zPasco$xHistory$vSources.
=610  27$aTyson (Firm)$2fast$0(OCoLC)fst00593931
=650  \7$aEmployees.$2fast$0(OCoLC)fst00909111
=650  \7$aLabor.$2fast$0(OCoLC)fst00989798
=650  \7$aLabor movement.$2fast$0(OCoLC)fst00990079
=650  \7$aLabor unions.$2fast$0(OCoLC)fst00990260
=650  \7$aMeat industry and trade.$2fast$0(OCoLC)fst01013271
=650  \7$aPacking-house workers.$2fast$0(OCoLC)fst01050249
=650  \7$aPacking-house workers$xLabor unions.$2fast$0(OCoLC)fst01050252
=650  \7$aPacking-houses.$2fast$0(OCoLC)fst01050253
=651  \7$aWashington (State)$zPasco.$2fast$0(OCoLC)fst01222760
=655  \7$anewspaper clippings.$2aat$0(CStmoGRI)aatgf300429554
=655  \7$acommercial correspondence.$2aat$0(CStmoGRI)aatgf300026914
=655  \7$ainterviews.$2aat$0(CStmoGRI)aatgf300026392
=655  \7$aArchives.$2fast$0(OCoLC)fst01423700
=655  \7$aBusiness correspondence.$2fast$0(OCoLC)fst01919897
=655  \7$aCourse materials.$2fast$0(OCoLC)fst01919908
=655  \7$aHistory.$2fast$0(OCoLC)fst01411628
=655  \7$aInterviews.$2fast$0(OCoLC)fst01423832
=655  \7$aLaw materials.$2fast$0(OCoLC)fst01774276
=655  \7$aSources.$2fast$0(OCoLC)fst01423900
=655  \7$aCourse materials.$2lcgft
=655  \7$aLaw materials.$2lcgft
=655  \7$aBusiness correspondence.$2lcgft
=655  \7$aInterviews.$2lcgft
=655  \7$aMatériel de cours.$2rvmgf$0(CaQQLa)RVMGF-000001187
=655  \7$aMatériel juridique.$2rvmgf$0(CaQQLa)RVMGF-000001420
=655  \7$aCorrespondance commerciale.$2rvmgf$0(CaQQLa)RVMGF-000001162
=655  \7$aInterviews.$2rvmgf$0(CaQQLa)RVMGF-000000446
=700  1\$iRelated (work):$aApostolidis, Paul,$d1965-$tBreaks in the chain.
=710  2\$aLabor Archives of Washington,$ecurator.
=856  42$uhttp://archiveswest.orbiscascade.org/ark:/80444/xv870665$zConnect to the online finding aid for this collection
=049  \\$aWAUW

