=LDR  04480cpcaa2200877 i 4500
=001  857678277
=008  130905i19882002wau\\\\\\\\\\\\\\\\\eng\d
=005  20220614140728.2
=007  vf\cbahou
=040  \\$aWAU$beng$erda$edacs$cWAU$dWAU$dOCLCQ$dWAU$dOCLCF$dWAU$dOCLCO$dWAU$dOCLCO
=041  0\$heng
=046  \\$o1988$p2002$2edtf
=100  1\$aBates, Matthew C.,$ecreator.
=245  10$aMatthew C. Bates papers.
=264  \0$c1988-2002
=300  \\$a0.48$fcubic ft.$a(1 box and 1 oversize folder)
=336  \\$atext$btxt$2rdacontent
=336  \\$atwo-dimensional moving image$btdi$2rdacontent
=337  \\$aunmediated$bn$2rdamedia
=337  \\$avideo$bv$2rdamedia
=338  \\$asheet$bnb$2rdacarrier
=338  \\$avideocassette$bvd$2rdacarrier
=386  \\$aMen$2lcdgt
=386  \\$aWashingtonians (Washington State)$2lcdgt
=520  2\$aHandbills, press kits and releases, and other ephemera created and gathered during negotiations and strikes at aerospace companies. Major campaigns documented include those at Boeing, McDonnell Douglas, Raytheon, Lockheed Martin, and other aerospace companies. Includes a VHS tape of 1989 Boeing Strike coverage.
=545  0\$aFrom 1988-2002, Matthew C. Bates handled internal/external communication for the International Association of Machinists' work in the aerospace industry. Bates was involved with negotiations and strikes at the Boeing Company.
=506  \\$aOpen to all users.
=540  \\$aCreator's literary rights transferred to the University of Washington Libraries.
=500  \\$aForms part of the Labor Archives of Washington.
=541  \\$cDonated by:$aMatthew C. Bates,$dJune 7, 2013.
=600  10$aBates, Matthew C.$vArchives.
=610  20$aInternational Association of Machinists and Aerospace Workers$xEmployees.
=610  20$aBoeing Company$xHistory$vSources.
=610  20$aMcDonnell Douglas Aerospace (Firm)$xHistory$vSources.
=610  20$aRaytheon Company$xHistory$vSources.
=610  20$aLockheed Martin$xHistory$vSources.
=650  \0$aLabor$zWashington (State)
=650  \0$aLabor unions$zWashington (State)
=650  \0$aLabor movement$zWashington (State)
=650  \0$aStrikes and lockouts$zWashington (State)
=650  \0$aAerospace industries$zUnited States.
=650  \6$aTravail$0(CaQQLa)201-0093408$zWashington (État)$0(CaQQLa)201-0395184
=650  \6$aSyndicats$0(CaQQLa)201-0007001$zWashington (État)$0(CaQQLa)201-0395184
=650  \6$aMouvement ouvrier$0(CaQQLa)201-0078721$zWashington (État)$0(CaQQLa)201-0395184
=650  \6$aIndustries aérospatiales$0(CaQQLa)201-0049235$zÉtats-Unis.$0(CaQQLa)201-0407727
=610  27$aBoeing Company.$2fast$0(OCoLC)fst00538848
=610  27$aInternational Association of Machinists and Aerospace Workers.$2fast$0(OCoLC)fst00545485
=610  27$aLockheed Martin.$2fast$0(OCoLC)fst00709973
=610  27$aMcDonnell Douglas Aerospace (Firm)$2fast$0(OCoLC)fst00747467
=610  27$aRaytheon Company.$2fast$0(OCoLC)fst00514558
=650  \7$aAerospace industries.$2fast$0(OCoLC)fst00798631
=650  \7$aEmployees.$2fast$0(OCoLC)fst00909111
=650  \7$aLabor.$2fast$0(OCoLC)fst00989798
=650  \7$aLabor movement.$2fast$0(OCoLC)fst00990079
=650  \7$aLabor unions.$2fast$0(OCoLC)fst00990260
=650  \7$aStrikes and lockouts.$2fast$0(OCoLC)fst01135030
=651  \7$aUnited States.$2fast$0(OCoLC)fst01204155
=651  \7$aWashington (State)$2fast$0(OCoLC)fst01204703
=655  \7$apress kits.$2aat$0(CStmoGRI)aatgf300236195
=655  \7$apress releases.$2aat$0(CStmoGRI)aatgf300026437
=655  \7$aprinted ephemera.$2aat$0(CStmoGRI)aatgf300264821
=655  \7$aArchives.$2fast$0(OCoLC)fst01423700
=655  \7$aEphemera.$2fast$0(OCoLC)fst01919921
=655  \7$aHistory.$2fast$0(OCoLC)fst01411628
=655  \7$aPress releases.$2fast$0(OCoLC)fst01726708
=655  \7$aSources.$2fast$0(OCoLC)fst01423900
=655  \7$aVideo recordings.$2fast$0(OCoLC)fst01692913
=655  \7$aPress releases.$2lcgft
=655  \7$aEphemera.$2lcgft
=655  \7$aVideo recordings.$2lcgft
=655  \7$aCommuniqués de presse.$2rvmgf$0(CaQQLa)RVMGF-000001182
=655  \7$aDocuments éphémères.$2rvmgf$0(CaQQLa)RVMGF-000001046
=655  \7$aVidéos.$2rvmgf$0(CaQQLa)RVMGF-000001738
=710  2\$aLabor Archives of Washington,$ecurator.
=856  42$uhttp://archiveswest.orbiscascade.org/ark:/80444/xv82025/$zConnect to the online finding aid for this collection
=049  \\$aWAUW

