=LDR  01105cpcaa2200253 i 4500
=001  123949700
=008  070503s1970\\\\xx\\\\\\\\\\\\\\\\\\eng\d
=005  20210303214324.4
=040  \\$aWAU$beng$erda$cWAU$dWAU$dOCLCQ$dWAU
=100  1\$aBell, S. Leonard,$ecreator.
=245  10$aS. Leonard Bell papers.
=264  \0$c1970
=300  \\$a2 items
=336  \\$atext$btxt$2rdacontent
=337  \\$aunmediated$bn$2rdamedia
=338  \\$asheet$bnb$2rdacarrier
=520  2\$aTitles: "The Knights of Labor Strikes Again", "Yours to a Cinder An Account of the Pacific Coast's 1936 Maritime Strike."
=506  \\$aOpen to all users.
=540  \\$aSome restrictions exist on duplication, quotation, or publication. Contact the repository for details.
=500  \\$aProcessing levels vary. Contact the repository for details.
=555  0\$aFinding aid available in the repository and on the World Wide Web.
=710  2\$aLabor Archives of Washington,$ecurator.
=856  42$uhttp://digital.lib.washington.edu/findingaids/view?docId=BellSLeonard1649.xml$zConnect to the online finding aid for this collection.
=049  \\$aWAUW

