=LDR  06899cpcaa2201033Ii 4500
=001  781461912
=008  120323i19792013xxu\\\\\\\\\\\\\\\\\eng\d
=005  20220617052258.3
=040  \\$aWAU$beng$edacs$erda$cWAU$dWAU$dOCLCQ$dWAU$dOCLCO$dWAU$dOCLCF$dWAU$dOCLCO
=046  \\$o1979$p2013$2edtf
=100  1\$aBoschok, Jackie,$d1952-$ecreator.
=245  10$aJackie Boschok papers.
=264  \0$c1979-2013.
=300  \\$a17.85 cubic feet$a(27 boxes)
=300  \\$a2 oversize folders
=336  \\$atext$btxt$2rdacontent
=337  \\$aunmediated$bn$2rdamedia
=338  \\$asheet$bnb$2rdacarrier
=351  \\$aArranged into 2 accessions:Accession no. 5688-001, Jackie Boschok papers, 1979-2010 -- Accession no. 5688-002, Jackie Boschok papers, 1980-2013
=386  \\$aWomen$2lcdgt
=386  \\$aActivists$2lcdgt
=386  \\$aWashingtonians (Washington State)$2lcdgt
=500  \\$aForms part of the Labor Archives of Washington.
=541  1\$cDonor:$aJacelyn "Jackie" M. Boschok,$dMarch 7, 2012.
=545  0\$aJackie Boschok (b. April 24, 1952) was a 30-year member, employee, and officer of the International Association of Machinists (IAM) 751. Boschok was also an officer in the Coalition of Labor Union Women (CLUW) Puget Sound chapter as well as a member of the organization's national board. Boschok first became active in the union as soon as she started working at Boeing in 1980, working in a variety of positions and holding a variety of offices including steward and local lodge offices including recording secretary; treasurer; and auditor. Boschok served for seven years on the IAM District Council and worked as a Business Representative beginning in 2001, Union Organizer, and Health and Benefits Representative beginning in 2009. Boschok also served on the Snohomish County Labor Council from 1993-2010, serving on their Executive Board for 10 years and serving on its Community Services Committee. Boschock was a member and leader of the Coalition of Labor Union Women (CLUW) beginning in 1979 and in 1991 became a member of the national Executive Board. Boschok also served on the Washington State Labor Council's Women's Committee from 1994 to 2008, chaired the District 751 Women's Committee beginning in 2006, and served on the United Way of Snohomish County Board of Directors for six years.
=520  2\$aPersonal papers documenting Boschok's career with the International Association of Machinists (IAM) 751 and an officer in the Coalition of Labor Union Women (CLUW) Puget Sound chapter as well as the organization's national board. The collection includes publications, ephemera, correspondence, class materials, stickers, and artifacts, including t-shirts from various local and national labor organizations and campaigns.
=506  \\$aOpen to all users.
=540  \\$aThe creators' literary rights have been transferred to the University of Washington Libraries.
=546  \\$aCollection materials are in English.
=600  10$aBoschok, Jackie,$d1952-$vArchives.
=650  \0$aLabor$zWashington (State)$xHistory$vSources.
=650  \0$aLabor unions$zWashington (State)$xHistory$vSources.
=650  \0$aLabor movement$zWashington (State)$xHistory$vSources.
=650  \0$aLabor union members$zWashington (State)$xHistory$vSources.
=650  \0$aGoodwill Games.
=650  \6$aTravail$0(CaQQLa)201-0093408$zWashington (État)$0(CaQQLa)201-0395184$xHistoire$0(CaQQLa)201-0382350$vSources.$0(CaQQLa)201-0382350
=650  \6$aSyndicats$0(CaQQLa)201-0007001$zWashington (État)$0(CaQQLa)201-0395184$xHistoire$0(CaQQLa)201-0382350$vSources.$0(CaQQLa)201-0382350
=650  \6$aMouvement ouvrier$0(CaQQLa)201-0078721$zWashington (État)$0(CaQQLa)201-0395184$xHistoire$0(CaQQLa)201-0382350$vSources.$0(CaQQLa)201-0382350
=650  \6$aSyndiqués$0(CaQQLa)201-0268551$zWashington (État)$0(CaQQLa)201-0395184$xHistoire$0(CaQQLa)201-0382350$vSources.$0(CaQQLa)201-0382350
=650  \7$aGoodwill Games.$2fast$0(OCoLC)fst00944934
=650  \7$aLabor.$2fast$0(OCoLC)fst00989798
=650  \7$aLabor movement.$2fast$0(OCoLC)fst00990079
=650  \7$aLabor union members.$2fast$0(OCoLC)fst00990256
=650  \7$aLabor unions.$2fast$0(OCoLC)fst00990260
=651  \7$aWashington (State)$2fast$0(OCoLC)fst01204703
=655  \7$amugs (cups)$2aat$0(CStmoGRI)aatgf300043248
=655  \7$aT-shirts.$2aat$0(CStmoGRI)aatgf300209903
=655  \7$aminutes (administrative records)$2aat$0(CStmoGRI)aatgf300027440
=655  \7$aminute books.$2aat$0(CStmoGRI)aatgf300135375
=655  \7$arecords (documents)$2aat$0(CStmoGRI)aatgf300026685
=655  \7$abusiness records.$2aat$0(CStmoGRI)aatgf300141693
=655  \7$acommercial correspondence.$2aat$0(CStmoGRI)aatgf300026914
=655  \7$aperiodicals.$2aat$0(CStmoGRI)aatgf300026657
=655  \7$anews bulletins.$2aat$0(CStmoGRI)aatgf300026435
=655  \7$anewsletters.$2aat$0(CStmoGRI)aatgf300026652
=655  \7$anewspapers.$2aat$0(CStmoGRI)aatgf300026656
=655  \7$aprinted ephemera.$2aat$0(CStmoGRI)aatgf300264821
=655  \7$aArchives.$2fast$0(OCoLC)fst01423700
=655  \7$aBusiness correspondence.$2fast$0(OCoLC)fst01919897
=655  \7$aEphemera.$2fast$0(OCoLC)fst01919921
=655  \7$aHistory.$2fast$0(OCoLC)fst01411628
=655  \7$aInstructional and educational works.$2fast$0(OCoLC)fst01919931
=655  \7$aMinutes (Records)$2fast$0(OCoLC)fst01919940
=655  \7$aNewsletters.$2fast$0(OCoLC)fst01919943
=655  \7$aNewspapers.$2fast$0(OCoLC)fst01423814
=655  \7$aPeriodicals.$2fast$0(OCoLC)fst01411641
=655  \7$aRecords (Documents)$2fast$0(OCoLC)fst01919961
=655  \7$aSources.$2fast$0(OCoLC)fst01423900
=655  \7$aMinutes (Records)$2lcgft
=655  \7$aRecords (Documents)$2lcgft
=655  \7$aBusiness correspondence.$2lcgft
=655  \7$aPeriodicals.$2lcgft
=655  \7$aNewsletters.$2lcgft
=655  \7$aNewspapers.$2lcgft
=655  \7$aInstructional and educational works.$2lcgft
=655  \7$aEphemera.$2lcgft
=655  \7$aProcès-verbaux.$2rvmgf$0(CaQQLa)RVMGF-000001222
=655  \7$aDocuments administratifs.$2rvmgf$0(CaQQLa)RVMGF-000001054
=655  \7$aCorrespondance commerciale.$2rvmgf$0(CaQQLa)RVMGF-000001162
=655  \7$aPériodiques.$2rvmgf$0(CaQQLa)RVMGF-000001105
=655  \7$aLettres d'informations.$2rvmgf$0(CaQQLa)RVMGF-000001104
=655  \7$aJournaux.$2rvmgf$0(CaQQLa)RVMGF-000001103
=655  \7$aMatériel d'éducation et de formation.$2rvmgf$0(CaQQLa)RVMGF-000001042
=655  \7$aDocuments éphémères.$2rvmgf$0(CaQQLa)RVMGF-000001046
=710  2\$aInternational Association of Machinists.
=710  2\$aCoalition of Labor Union Women (U.S.).$bPuget Sound Chapter.
=710  2\$aLabor Archives of Washington,$ecurator.
=856  42$uhttp://archiveswest.orbiscascade.org/ark:/80444/xv95590$zConnect to the online finding aid for this collection
=049  \\$aWAUW

