=LDR  02058cpcaa2200409Ii 4500
=001  948811256
=008  160506s2015\\\\xxu\\\\\\\\\\\\\\\\\eng\\
=005  20220513184410.2
=040  \\$aWAU$beng$edacs$cWAU$dWAU$dOCLCF$dOCL$dWAU$dOCLCO
=046  \\$k2015
=100  1\$aBrady, Jerry,$ecreator.
=245  10$aJerry Brady papers.
=264  \0$ccirca 2015.
=300  \\$a1 Vertical File
=336  \\$atext$btxt$2rdacontent
=337  \\$aunmediated$bn$2rdamedia
=338  \\$avolume$bnc$2rdacarrier
=386  \\$aCalifornians$2lcdgt
=386  \\$aMen$2lcdgt
=500  \\$aArchivist devised title.
=545  0\$aJerry Brady is a retired member of the International Longshore and Warehouse Union, Local 63 (Long Beach and Los Angeles ship's clerks) as well as an active member of the Pacific Coast Pensioners Association. Brady is a poet and often reads his original compositions at pensioner and ILWU related events throughout the Pacific Coast.
=520  2\$aOne copy of "Poems and Pictures of the ILWU," a self published compilation of waterfront and family photos accompanied by poems on personal and political topics.
=506  \\$aNo restrictions on access.
=540  \\$aCopyrights retained by creator but the University of Washington Libraries Special Collections can grant use permissions.
=541  \\$cAcquired from$aJerry Brady$d2015-07-07.
=610  20$aInternational Longshore and Warehouse Union$vPoetry.
=610  20$aInternational Longshore and Warehouse Union$vPhotographs.
=610  27$aInternational Longshore and Warehouse Union.$2fast$0(OCoLC)fst00774149
=655  \2$aPoetry$0(DNLM)D055821
=655  \7$apoetry.$2aat$0(CStmoGRI)aatgf300055931
=655  \7$aPhotographs.$2fast$0(OCoLC)fst01423689
=655  \7$aPoetry.$2fast$0(OCoLC)fst01423828
=655  \7$aPoetry.$2lcgft
=655  \7$aPoésie.$2rvmgf$0(CaQQLa)RVMGF-000000476
=710  2\$aLabor Archives of Washington,$ecurator.
=856  42$uhttp://archiveswest.orbiscascade.org/ark:/80444/xv74368$zConnect to the online finding aid for this collection
=049  \\$aWAUW

