=LDR  06162cpcaa2200793 i 4500
=001  1311518854
=008  220420i19832020wau\\\\\\\\\\\\\\\\\eng\d
=005  20220615105837.0
=007  cr\nna||||||||
=040  \\$aWAU$beng$erda$edacs$cWAU$dOCLCO$dWAU$dOCLCF
=041  0\$aeng
=046  \\$o1983$p2020$2edtf
=100  1\$aCastle, Kevin,$d1952-$ecreator.
=245  10$aKevin Castle papers.
=264  \0$capproximately 1983-2020.
=300  \\$a1 vertical file, 1 digital file + transcript.
=336  \\$atext$btxt$2rdacontent
=337  \\$aunmediated$bn$2rdamedia
=338  \\$asheet$bnb$2rdacarrier
=338  \\$acomputer disc$bcd$2rdacarrier
=347  \\$atext file$2rdaft
=386  \\$aAmericans$aOregonians$aWashingtonians (Washington State)$2lcdgt
=386  \\$aSeattleites$2lcdgt$1http://www.wikidata.org/entity/Q55779668
=520  2\$aAutobiographical and fictional writings by Kevin Castle about her role as a pioneering woman in the longshore industry. The collection contains a long-form personal memoir account, "The Longshoreman's Daughter," poems including "Rare", "Breaking out Containers in the Port of Seattle", "Crane Operator 1: The Climb", and "Crane Operator 2: The Drive". Her historical fiction includes: "The Shape Up", 1983; "Strike Headquarters", 1983; and "Smith Cove", 1983. All of these stories were written in 1983 based on contemporary newspaper accounts of the 1934 Pacific Coast Maritime Strike.
=545  0\$aKevin Castle was born in 1952 in Coos Bay, Oregon. Her family had moved there during the McCarthy Era "red scare" when progressive trade union organizers and a members of the Communist Party like here father, Del Castle, were being targeted by the US government for special scrutiny and persecution. Labor organizations and their leaders alike were systematically harassed and surveilled by the FBI. Due to this political context, Kevin's family was living under an assumed name in Coos Bay. When it was safer, the family emerged from hiding and moved to Seattle. Kevin attended some of the few integrated schools in the city, graduating from Garfield High School in 1970. She became involved in anti-Vietnam War activities, and took a year off from school to travel throughout South America before attending the University of Washington. During her time at the UW, Kevin continued her anti-war activism and co-founded the Seattle Tenant Union before graduating in 1979 with a BA in history. During summers in college, Kevin had begun working as a casual waterfront worker. In 1980, she was hired along with a group of twelve other women who were the first to work in the Port of Seattle. After gaining enough seniority to train, she became the first woman cargo crane operator in Seattle, and worked as a crane operator until her retirement in 2005. Kevin worked on many of these stories and poems after her retirement.
=500  \\$aForms part of the Labor Archives of Washington.
=506  \\$aNo restrictions on access for paper-based materials. One electronic file is available for previewing onsite in the Special Collections Reading Room. Additionally, users may obtain a reproduction of the media for a fee by contacting Special Collections. This file has been printed and a hard copy is part of the physical collection.
=540  \\$aCreator's copyrights transferred to the University of Washington Libraries Special Collections except for the short story "The Longshoreman's Daughter." Copyright for that story is retained by creator. Restrictions may exist on copying, photographing. Restrictions existing on quotation or publication of "The Longshoremen's Daughter". Contact University of Washington Libraries Special Collections for details.
=541  \\$cDonated by:$aKevin Castle
=546  \\$aCollection materials are in English.
=600  10$aCastle, Kevin,$d1952-$vArchives.
=650  \0$aStevedores$zWashington (State)$zSeattle$vArchives.
=650  \0$aMobile crane operators$zWashington (State)$zSeattle$vArchives.
=650  \0$aAuthors, American$vArchives.
=650  \0$aPolitical activists$zWashington (State)$zSeattle$vArchives.
=650  \0$aStevedores$zWashington (State)$zSeattle$xHistory$vSources.
=650  \0$aMobile crane operators$zWashington (State)$zSeattle$xHistory$vSources.
=650  \0$aLabor$zWashington (State)$zSeattle$xHistory$vSources.
=650  \0$aLabor unions$zWashington (State)$zSeattle$xHistory$vSources.
=650  \0$aLabor movement$zWashington (State)$zSeattle$xHistory$vSources.
=650  \7$aAuthors, American.$2fast$0(OCoLC)fst00821764
=650  \7$aLabor.$2fast$0(OCoLC)fst00989798
=650  \7$aLabor movement.$2fast$0(OCoLC)fst00990079
=650  \7$aLabor unions.$2fast$0(OCoLC)fst00990260
=650  \7$aMobile crane operators.$2fast$0(OCoLC)fst01024224
=650  \7$aPolitical activists.$2fast$0(OCoLC)fst01069192
=650  \7$aStevedores.$2fast$0(OCoLC)fst01133295
=651  \7$aWashington (State)$zSeattle.$2fast$0(OCoLC)fst01204940
=655  \7$atranscripts.$2aat
=655  \7$aArchives.$2fast$0(OCoLC)fst01423700
=655  \7$aAutobiographical fiction.$2fast$0(OCoLC)fst01986487
=655  \7$aAutobiographies.$2fast$0(OCoLC)fst01919894
=655  \7$aHistorical fiction.$2fast$0(OCoLC)fst01726640
=655  \7$aHistory.$2fast$0(OCoLC)fst01411628
=655  \7$aPoetry.$2fast$0(OCoLC)fst01423828
=655  \7$aShort stories.$2fast$0(OCoLC)fst01726740
=655  \7$aSources.$2fast$0(OCoLC)fst01423900
=655  \7$aAutobiographies.$2lcgft
=655  \7$aPoetry.$2lcgft
=655  \7$aShort stories.$2lcgft
=655  \7$aAutobiographical fiction.$2lcgft
=655  \7$aHistorical fiction.$2lcgft
=700  12$iContainer of (work):$aCastle, Kevin,$d1952-$tLongshoreman's daughter.
=700  12$iContainer of (work):$aCastle, Kevin,$d1952-$tShape up.
=700  12$iContainer of (work):$aCastle, Kevin,$d1952-$tStrike headquarters.
=700  12$iContainer of (work):$aCastle, Kevin,$d1952-$tSmith Cove.
=710  2\$aLabor Archives of Washington,$ecurator.
=856  42$uhttp://archiveswest.orbiscascade.org/ark:/80444/xv568688$zConnect to the finding aid for this collection
=049  \\$aWAUW

