=LDR  05561cpcaa2200697Ii 4500
=001  930799632
=008  151202i19731991xxu\\\\\\\\\\\\\\\\\eng\d
=005  20220614190829.4
=007  vf\cbahou
=040  \\$aWAU$beng$edacs$cWAU$dWAU$dOCLCF$dWAU$dOCLCA$dWAU$dOCLCA$dOCLCO$dOCLCQ$dOCLCO
=046  \\$o1973$p1991$2edtf
=100  1\$aDouglas, Jim,$d1946-2017,$ecreator.
=245  10$aJim Douglas papers.
=264  \0$capproximately 1973-1991, bulk 1983-1989.
=300  \\$a3.32 cubic feet$a(5 boxes; 6 VHS videocassettes)
=336  \\$atwo-dimensional moving image$btdi$2rdacontent
=336  \\$atext$btxt$2rdacontent
=337  \\$avideo$bv$2rdamedia
=337  \\$aunmediated$bn$2rdamedia
=338  \\$avideocassette$bvf$2rdacarrier
=338  \\$asheet$bnb$2rdacarrier
=386  \\$aMen$2lcdgt
=386  \\$aLawyers$2lcdgt
=386  \\$aActivists$2lcdgt
=386  \\$aWashingtonians (Washington State)$2lcdgt
=541  \\$cDonated by:$aJim Douglas,$d2015.
=545  0\$aJim Douglas is an attorney who has practiced Social Security disability law since 1978. Douglas was part of a legal team working for the families of slain Seattle labor unionists Silme Domingo and Gene Viernes in a civil suit against Philippines dictator Ferdinand Marcos for orchestrating the 1981 assassinations of the union reformers in their Pioneer Square office. The two men had been working with an international community in opposition of the dictator, who had cracked down on the political left and trade unions in the Philippines when we seized power and declared martial law. In December of 1989, a jury found that Ferdinand and Imelda Marcos were responsible for the murders and awarded {dollar}15 million to the families of Domingo and Viernes. This marked the first time that a foreign dictator was held responsible for crimes committed in the United States. Douglas was also a co-founder of the Seattle chapter of Line of March, a Marxist-Leninist national political organization in the 1980s dedicated to peace and social justice.
=520  2\$aRecords created and collected by Douglas as part of a legal team working for the families of Domingo and Viernes in their civil suit against Philippines dictator Ferdinand Marcos. Other records in the collection relate to the Committee for Justice for Domingo and Viernes and Douglas' membership and participating in the founding of the Seattle chapter of Line of March, a Marxist-Leninist national political organization in the 1980s dedicated to peace and social justice. Records from Jim Douglas' visit as part of a delegation from the National Lawyers Guild to look at the first elections in Nicaragua under the Sandinistas, including several files on the elections, including the delegation's report. Other subjects in the records include Miskito Indians sovereignty rights vs the Sandinistas. Other records include Douglas' involvement in organizing a Citizens' Tribunal on US Involvement in Central America and the Caribbean from the early 1980s. Records include witness statements from the tribunals as well as 6 VHS videos of the tribunal proceedings.
=506  \\$aTextual materials are open to all users. No user access copy is available for the VHS video cassettes.  Contact Special Collections, University of Washington Libraries for more information regarding access to video recordings.
=540  \\$aCreator's literary rights transferred to the University of Washington Libraries.
=544  0\$aIssues of the newspaper "FrontLine" that span 1983-1990 as well as Crossroads magazine, published by the Institute for Social and Economic Studies, were removed from the manuscript collection to be cataloged as serials. Some monographs were likewise pulled to be cataloged.
=600  10$aDouglas, Jim,$d1946-2017$vArchives.
=610  20$aReal Change (Organization)$xOfficials and employees.
=610  20$aDouglas Drachler McKee and Gilbrough$xOfficials and employees.
=610  20$aSeattle Labor Chorus.
=650  \0$aInternational courts.
=650  \0$aSocial security$xLaw and legislation.
=650  \6$aTribunaux internationaux.$0(CaQQLa)201-0002152
=650  \7$aEmployees.$2fast$0(OCoLC)fst00909111
=650  \7$aInternational courts.$2fast$0(OCoLC)fst00976874
=650  \7$aSocial security$xLaw and legislation.$2fast$0(OCoLC)fst01123121
=655  \7$adepositions.$2aat$0(CStmoGRI)aatgf300027862
=655  \7$arecords (documents)$2aat$0(CStmoGRI)aatgf300026685
=655  \7$abusiness records.$2aat$0(CStmoGRI)aatgf300141693
=655  \7$acommercial correspondence.$2aat$0(CStmoGRI)aatgf300026914
=655  \7$ainterviews.$2aat$0(CStmoGRI)aatgf300026392
=655  \7$aArchives.$2fast$0(OCoLC)fst01423700
=655  \7$aBusiness correspondence.$2fast$0(OCoLC)fst01919897
=655  \7$aInterviews.$2fast$0(OCoLC)fst01423832
=655  \7$aRecords (Documents)$2fast$0(OCoLC)fst01919961
=655  \7$aTrial and arbitral proceedings.$2fast$0(OCoLC)fst01774319
=655  \7$aTrial and arbitral proceedings.$2lcgft
=655  \7$aRecords (Documents)$2lcgft
=655  \7$aBusiness correspondence.$2lcgft
=655  \7$aInterviews.$2lcgft
=655  \7$aComptes rendus de procès et d'arbitrage.$2rvmgf$0(CaQQLa)RVMGF-000001462
=655  \7$aDocuments administratifs.$2rvmgf$0(CaQQLa)RVMGF-000001054
=655  \7$aCorrespondance commerciale.$2rvmgf$0(CaQQLa)RVMGF-000001162
=655  \7$aInterviews.$2rvmgf$0(CaQQLa)RVMGF-000000446
=856  42$uhttp://archiveswest.orbiscascade.org/ark:/80444/xv59133$zConnect to the online finding aid for this collection
=049  \\$aWAUW

