=LDR  02376cpcaa22002053  4500
=001  768346029
=008  111214i19891992xx\\\\\\\\\\\\\\\\\\eng\d
=005  20230628202301.8
=040  \\$aWAU$beng$cWAU$dWAU$dOCLCQ$dWAU$dOCLCO$dWAU
=100  1\$aDuggan, Robert D.,$d1932-
=245  10$aRobert D. Duggan papers$f1989-1992.
=300  \\$a300 5 cubic ft. (5 boxes)
=520  2\$aThis collection of papers contains a large amount of materials relating to the fundraising drive and the logistics behind the creation of the Harry Bridges Chair for Labor Studies in 1992.
=545  0\$aRobert D. Duggan, known to all as "Bob" was born in Seattle, Washington on September 7, 1932. Bob graduated from Foster High School in 1950 and immediately enrolled at University of Washington summer program. He also started work on the Seattle waterfront in August 1950. His longshore employment paid all the costs of his college education and later a large portion of his law school education. He graduated with a BA in Labor Economics in June of 1954. In December 1954 he was called to active duty with the United States Air Force. In February 1956 he was awarded his "wings" as a jet fighter pilot. In December 1955 he married Martha H." Marty" Duggan (1934-2003), the mother of his 3 children, In September 1958, he entered the University of Washington School of Law, graduating 1961. In September 1961, he began what turned out to be 40 years of law practice, representing longshoremen, harbor workers, seaman and fishermen. He also represented all ILWU locals in Washington over that 40 year span. In 1989-90 while serving as president of the University of Washington Alumni Association, he began to promote the idea of establishing an endowed chair in honor of Harry Bridges. He was instrumental in raising the funds to establish the chair in 1992. Bob married Judith Turner Duggan on December 17, 2006.
=506  \\$aOpen to all users.
=540  \\$aCreator's literary rights transferred to the University of Washington Libraries.
=500  \\$aProcessing levels vary. Contact the repository for details.
=555  0\$aA finding aid to the papers is available in the Special Collections Division of the University of Washington Libraries and on the World Wide Web.
=856  42$uhttps://archiveswest.orbiscascade.org/ark:80444/xv55499$zConnect to the online finding aid for this collection
=049  \\$aWAUW

