=LDR  01792cpcaa22002533i 4500
=001  1111910185
=008  190809i19861993xx\\\\\\\\\\\\\\\\\\eng\d
=005  20220317062701.9
=040  \\$aWAU$beng$erda$edacs$cWAU$dWAU$dOCLCO$dWAU$dOCLCO
=100  1\$aFreese, James,$d1947-$ecreator.
=245  10$aJames Freese papers.
=264  \0$c1986-1993.
=300  \\$a1 vertical file
=336  \\$atext$btxt$2rdacontent
=337  \\$aunmediated$bn$2rdamedia
=338  \\$asheet$bnb$2rdacarrier
=545  0\$aJames "Jim" Freese was an organizer for the International Brotherhood of Electrical Workers, Local 46 organizing program aimed at recruiting underrepresented communities. Freese was involved in a Local 46 election on the proposal in 1986 on whether members would fund the campaign at the rate of 25 cents per hour per member. The proposal passed 69% to 31%.
=520  2\$aIncludes Electrician's Digest, an organizing tool written to unrepresented and represented electricians. This covers the first five years of the International Brotherhood of Electrical Workers, Local 46 organizing program (1988-1993). Photographs on IBEW 46 members voting on the proposal to start a new organizing program in 1986. Tom Hunter, a plumber from the Bay Area, and Jim Freese of IBEW 46, are pictured. The proposal was to fund an organizing campaign at the rate of 25 cents per hour per member, and it passed 69% to 31%.
=506  \\$aNo restrictions on access.
=540  \\$aCreator's copyrights transferred to the University of Washington Libraries Special Collections.
=546  \\$aCollection materials are in English.
=710  2\$aLabor Archives of Washington,$ecurator.
=856  42$uhttp://archiveswest.orbiscascade.org/ark:/80444/xv456420$zConnect to the online finding aid for this collection
=049  \\$aWAUW

