=LDR  04841cpcaa2200709Ii 4500
=001  880676679
=008  140529i19822011xxu\\\\\\\\\\\\\\\\\eng\d
=005  20220506071251.1
=040  \\$aWAU$beng$erda$edacs$cWAU$dWAU$dOCLCO$dWAU$dOCLCA$dOCLCF$dOCL$dWAU$dOCLCO
=041  0\$aeng$aspa
=043  \\$an-us-wa$an-us-ca
=046  \\$k1982$l2011$2edtf
=100  1\$aGuillén, Rosalinda,$d1950?-$ecreator.
=245  10$aRosalinda Guillen and Joseph Moore papers.
=264  \0$c1982-2011
=300  \\$a20.54$fcubic feet$a(17 boxes) plus 1 oversize folder
=336  \\$atext$btxt$2rdacontent
=337  \\$aunmediated$bn$2rdamedia
=338  \\$asheet$bnb$2rdacarrier
=500  \\$aRecords stored off site; advance notice required for use.
=500  \\$aForms part of the Labor Archives of Washington.
=520  2\$aRecords relating to Joseph Moore and Rosalinda Guillen's roles as organizers for the Rainbow Coalition in Washington State during Jesse Jackson's 1988 presidential campaign and the campaign to organize farm workers at Chateau Ste. Michelle (Washington's largest winery) between 1993 and 1995. Records also document Guillen's role as an organizer for the United Farm Workers in a strawberry-picker organizing drive in California's Salinas Valley, as the national organization's Northwest Regional Director, Policy Director, Executive Board Member, and finally National Vice-President.
=545  0\$aRosalinda Guillen was born in Texas, grew up in Mexico, and moved to Washington State with her family at age 10 in 1960, working as part of the migrant farm labor community in the northwest for much of the next decade. She then worked at Skagit State Bank for 16 years, but quit only four years before she was eligible to retire in order to organize farm labor for the United Farm Workers (UFW). From  Fall of 1993 to December 5, 1995, she ran the grassroots worker organizing campaign, which resulted in the first union contract for farm workers in Washington state.  Guillen went on to serve in a number of high-level UFW organizing jobs.  Currently, she serves as the Affirmative Action Chair of the Whatcom County Democrats (2013). Joseph Moore worked for Marmot Construction Works ca 1980s and 1990s.  With Rosalinda Guillen he was an organizer of the Rainbow Coalition of Washington State during Jesse Jackson's presidential campaign.  He was also  part of the campaign to organized farm workers at the Chateau Ste. Michelle between 1993 and 1995.
=546  \\$aMaterials in English and Spanish.
=506  \\$aOpen to all users.
=540  \\$aCreator's literary rights transferred to the University of Washington Libraries.
=541  \\$cDonated by:$aRosalinda Guillén and Joseph Moore on$d13 June 2013.
=600  10$aMoore, Joseph,$d1932-$vArchives.
=600  10$aGuillén, Rosalinda,$d1950?-$vArchives.
=610  20$aNational Rainbow Coalition (U.S.)$xCampaigns.
=610  20$aUnited Farm Workers of America.
=610  20$aChateau Ste. Michelle (Winery)$xEmployees.
=610  20$aChateau Ste. Michelle (Winery)$xManagement.
=650  \0$aLabor unions$zWashington (State)
=650  \0$aLabor unions$zCalifornia.
=650  \0$aLabor$zWashington (State)
=650  \0$aLabor$zCalifornia.
=650  \0$aLabor movement$zWashington (State)
=650  \0$aLabor movement$zCalifornia.
=650  \6$aSyndicats$0(CaQQLa)201-0007001$zWashington (État)$0(CaQQLa)201-0395184
=650  \6$aSyndicats$0(CaQQLa)201-0007001$zCalifornie.$0(CaQQLa)201-0460772
=650  \6$aTravail$0(CaQQLa)201-0093408$zWashington (État)$0(CaQQLa)201-0395184
=650  \6$aTravail$0(CaQQLa)201-0093408$zCalifornie.$0(CaQQLa)201-0460772
=650  \6$aMouvement ouvrier$0(CaQQLa)201-0078721$zWashington (État)$0(CaQQLa)201-0395184
=650  \6$aMouvement ouvrier$0(CaQQLa)201-0078721$zCalifornie.$0(CaQQLa)201-0460772
=610  27$aChateau Ste. Michelle (Winery)$2fast$0(OCoLC)fst01996052
=610  27$aNational Rainbow Coalition (U.S.)$2fast$0(OCoLC)fst00684000
=610  27$aUnited Farm Workers of America.$2fast$0(OCoLC)fst00664532
=650  \7$aEmployees.$2fast$0(OCoLC)fst00909111
=650  \7$aLabor.$2fast$0(OCoLC)fst00989798
=650  \7$aLabor movement.$2fast$0(OCoLC)fst00990079
=650  \7$aLabor unions.$2fast$0(OCoLC)fst00990260
=650  \7$aManagement.$2fast$0(OCoLC)fst01007141
=650  \7$aMilitary campaigns.$2fast$0(OCoLC)fst01710190
=651  \7$aCalifornia.$2fast$0(OCoLC)fst01204928
=651  \7$aWashington (State)$2fast$0(OCoLC)fst01204703
=655  \7$aArchives.$2fast$0(OCoLC)fst01423700
=700  1\$aMoore, Joseph,$d1932-$ecreator.
=710  2\$aLabor Archives of Washington,$ehost institution.
=740  0\$aacc5799-001
=856  42$uhttp://archiveswest.orbiscascade.org/ark:/80444/xv78210$zConnect to the online finding aid for this collection
=049  \\$aWAUW

