=LDR  04623cpc a2200541 i 4500
=001  1023811816
=008  180221i19872001xx\\\\\\\\\\\\\\\\\\eng\d
=005  20220608191712.2
=040  \\$aWAU$beng$edacs$erda$cWAU$dWAU$dOCLCF$dWAU$dOCLCO$dWAU
=046  \\$k1987$l2001$2edtf
=100  1\$aGurtiza, Richard,$ecreator.
=245  10$aRichard Gurtiza collection on Asian Pacific American Labor Alliance.
=264  \0$c1987-2001 (1992-2000 bulk)
=300  \\$a.87$fcubic feet$a(2 boxes)
=336  \\$atext$btxt$2rdacontent
=337  \\$aunmediated$bn$2rdamedia
=338  \\$asheet$bnb$2rdacarrier
=386  \\$aFilipino Americans$2lcdgt
=386  \\$aAmericans$2lcdgt
=386  \\$aWashingtonians (Washington State)$2lcdgt
=500  \\$aForms a part of the Labor Archives of Washington.
=545  0\$aRichard Gurtiza is a Filipino American labor union activist and union officer originally from Wapato, Washington. Gurtiza is president of Region 37, Inlandboatman's Union of the Pacific, the marine division of the International Longshore and Warehouse Union. The union represents Alaska cannery workers, who from the 1930s onwards were largely Filipino Americans and Asian Americans. Gurtiza became a member of Local 37 in 1977 and became Regional Director of the IBU 1993. Gurtiza was born in the small farming community of Wapato, Washington in the 1950s. Gurtiza was a founder of the local chapter of the Asian Pacific American Labor Alliance (APALA), an American Federation of Labor-Congress of Industrial Organizations constituency organization for Asian American and Pacific Islander labor union members. Gurtiza was also on the national Executive Board of APALA. In the late 1970s, Gurtiza was part of a rank and file reform movement of activist Local 37 cannery workers to reform the union and fight for better working conditions. Gurtiza worked with Silme Domingo and Gene Viernes--the leaders of the Alaska Cannery Workers Association--to build the reform movement. After Domingo and Viernes were murdered in 1981, Gurtiza and other reformers won leadership positions and transformed Local 37. Gurtiza remains active in the IBU/ILWU, the King County Labor Council, and the Washington State Labor Council.
=520  2\$aCollection of mailings, newsletters, convention and conference materials collected by Seattle Filipino American labor activist and union officer Richard Gurtiza. Gurtiza was a founder of the local chapter of the Asian Pacific American Labor Alliance (APALA), an American Federation of Labor-Congress of Industrial Organizations constituency organization for Asian American and Pacific Islander labor union members. Gurtiza was also on the national Executive Board of APALA, and some of the materials consist of convention materials from the national organizations' founding in 1992, leadership and education conferences; correspondence and newsletters.
=506  1\$aNo restrictions on access. Records stored off site; advance notice required for use.
=540  \\$aCreator's copyrights transferred to the University of Washington Libraries Special Collections.
=541  \\$d2017-01-04
=600  10$aGurtiza, Richard$vArchives.
=610  20$aAsian Pacific American Labor Alliance.
=650  \0$aLabor unions$zWashington (State)$zSeattle.
=650  \0$aLabor$zWashington (State)$zSeattle.
=650  \0$aLabor movement$zWashington (State)$zSeattle.
=650  \6$aSyndicats$0(CaQQLa)201-0007001$zWashington (État)$0(CaQQLa)201-0394837$zSeattle.$0(CaQQLa)201-0394837
=650  \6$aTravail$0(CaQQLa)201-0093408$zWashington (État)$0(CaQQLa)201-0394837$zSeattle.$0(CaQQLa)201-0394837
=650  \6$aMouvement ouvrier$0(CaQQLa)201-0078721$zWashington (État)$0(CaQQLa)201-0394837$zSeattle.$0(CaQQLa)201-0394837
=610  27$aAsian Pacific American Labor Alliance.$2fast$0(OCoLC)fst00711222
=650  \7$aLabor.$2fast$0(OCoLC)fst00989798
=650  \7$aLabor movement.$2fast$0(OCoLC)fst00990079
=650  \7$aLabor unions.$2fast$0(OCoLC)fst00990260
=651  \7$aWashington (State)$zSeattle.$2fast$0(OCoLC)fst01204940
=655  \7$abusiness records.$2aat$0(CStmoGRI)aatgf300141693
=655  \7$arecords (documents)$2aat$0(CStmoGRI)aatgf300026685
=655  \7$aArchives.$2fast$0(OCoLC)fst01423700
=655  \7$aRecords (Documents)$2fast$0(OCoLC)fst01919961
=655  \7$aRecords (Documents)$2lcgft
=655  \7$aDocuments administratifs.$2rvmgf$0(CaQQLa)RVMGF-000001054
=710  2\$aLabor Archives of Washington,$ecurator.
=856  42$uhttp://archiveswest.orbiscascade.org/ark:/80444/xv03021$zConnect to the online finding aid for this collection.
=049  \\$aWAUW

