=LDR  01279cpcaa22002533i 4500
=001  1390163542
=008  230712i19761986xx\\\\\\\\\\\\\\\\\\eng\d
=005  20230712200859.7
=040  \\$aWAU$beng$erda$edacs$cWAU$dWAU
=110  2\$aInternational Association of Machinists and Aerospace Workers.$bLodge 751-A,$ecreator.
=245  10$aInternational Association of Machinists and Aerospace Workers, Lodge 751-A records.
=264  \0$c1976-1986.
=300  \\$a0.86 cubic feet (2 boxes)
=336  \\$atext$btxt$2rdacontent
=337  \\$aunmediated$bn$2rdamedia
=338  \\$asheet$bnb$2rdacarrier
=545  1\$aInternational Association of Machinists and Aerospace Workers Local Lodge No. 751-A, established in 1941, represents assembly and production workers at the Boeing Company.
=520  2\$aThese records include materials related to union officer elections, financial reports, and meeting minutes.
=506  \\$aNo restrictions on access.
=540  \\$aCreator's copyrights transferred to the University of Washington Libraries Special Collections.
=541  \\$aDonated by IAM District 751.
=546  \\$aCollection materials are in English.
=856  42$uhttp://archiveswest.orbiscascade.org/ark:/80444/xv469054$zConnect to the online finding aid for this collection
=049  \\$aWAUW

