=LDR  04440cpcaa2200769 i 4500
=001  1122791528
=008  191010i19702000wau\\\\\\\\\\\\\\\\\eng\d
=005  20221117183020.5
=040  \\$aWAU$beng$erda$edacs$cWAU$dWAU$dOCLCA$dOCLCQ$dOCLCO$dOCLCF$dOCL$dWAU$dOCL$dWAU$dOCLCO$dWAU
=041  0\$heng
=046  \\$o1970$p2000$2edtf
=100  1\$aJohnston, Bill$q(William Francis),$d1945-$ecreator.
=245  10$aBill Johnston papers.
=264  \0$capproximately 1970-2000.
=300  \\$a2.28$fcubic feet$a(2 boxes)
=336  \\$atext$btxt$2rdacontent
=337  \\$aunmediated$bn$2rdamedia
=338  \\$asheet$bnb$2rdacarrier
=545  0\$aWilliam "Bill" Johnston is a retired staff organizer of the United Food and Commercial Workers in Washington state. Bill Johnston has worked in unions in both the private and public sectors. He spent 30 years as an organizer, local union president, international trustee and district council president for five northwestern states, and served on the health and welfare and pension boards of several unions. He retired in 2003 and lives in Tacoma, Washington. He is a member of the National Writers Union (Pacific Northwest Chapter).
=520  2\$aWorkshop training materials from Bill Johnston's career working as an organizer with the United Food and Commercial Workers local unions in Washington State.
=506  \\$aNo restrictions on access.
=540  \\$aCreator's copyrights transferred to the University of Washington Libraries Special Collections.
=541  \\$cDonated by:$aWilliam Johnston via Ross Rieder.
=500  \\$aForms a part of the Labor Archives of Washington.
=600  10$aJohnston, Bill$q(William Francis),$d1945-$xArchives.
=610  20$aUnited Food and Commercial Workers International Union$xArchives.
=650  \0$aLabor leaders$zWashington (State)$vArchives.
=650  \0$aLabor$zWashington (State)
=650  \0$aLabor unions$zWashington (State)
=650  \0$aLabor movement$zWashington (State)
=650  \0$aCollective labor agreements$zWashington (State)
=650  \6$aDirigeants syndicaux$0(CaQQLa)201-0202520$zWashington (État)$0(CaQQLa)201-0395184$vArchives.$0(CaQQLa)201-0378256
=650  \6$aTravail$0(CaQQLa)201-0093408$zWashington (État)$0(CaQQLa)201-0395184
=650  \6$aSyndicats$0(CaQQLa)201-0007001$zWashington (État)$0(CaQQLa)201-0395184
=650  \6$aMouvement ouvrier$0(CaQQLa)201-0078721$zWashington (État)$0(CaQQLa)201-0395184
=610  27$aUnited Food and Commercial Workers International Union.$2fast$0(OCoLC)fst00559342
=650  \7$aLabor leaders.$2fast$0(OCoLC)fst00990029
=650  \7$aCollective labor agreements.$2fast$0(OCoLC)fst00867391
=650  \7$aLabor.$2fast$0(OCoLC)fst00989798
=650  \7$aLabor movement.$2fast$0(OCoLC)fst00990079
=650  \7$aLabor unions.$2fast$0(OCoLC)fst00990260
=651  \7$aWashington (State)$2fast$0(OCoLC)fst01204703
=655  \7$acollective labor agreements.$2aat$0(CStmoGRI)aatgf300027630
=655  \7$amanuals (instructional materials)$2aat$0(CStmoGRI)aatgf300026395
=655  \7$ahandbooks.$2aat$0(CStmoGRI)aatgf300311807
=655  \7$abusiness records.$2aat$0(CStmoGRI)aatgf300141693
=655  \7$arecords (documents)$2aat$0(CStmoGRI)aatgf300026685
=655  \7$aprinted ephemera.$2aat$0(CStmoGRI)aatgf300264821
=655  \7$aHandbooks and manuals.$2fast$0(OCoLC)fst01423877
=655  \7$aArchives.$2fast$0(OCoLC)fst01423700
=655  \7$aCollective labor agreements.$2fast$0(OCoLC)fst01774247
=655  \7$aConference materials.$2fast$0(OCoLC)fst01919904
=655  \7$aEphemera.$2fast$0(OCoLC)fst01919921
=655  \7$aRecords (Documents)$2fast$0(OCoLC)fst01919961
=655  \7$aConference materials.$2lcgft
=655  \7$aCollective labor agreements.$2lcgft
=655  \7$aHandbooks and manuals.$2lcgft
=655  \7$aRecords (Documents)$2lcgft
=655  \7$aEphemera.$2lcgft
=655  \7$aDocuments de congrès.$2rvmgf$0(CaQQLa)RVMGF-000001050
=655  \7$aConventions collectives.$2rvmgf$0(CaQQLa)RVMGF-000001475
=655  \7$aGuides et manuels.$2rvmgf$0(CaQQLa)RVMGF-000001065
=655  \7$aDocuments administratifs.$2rvmgf$0(CaQQLa)RVMGF-000001054
=655  \7$aDocuments éphémères.$2rvmgf$0(CaQQLa)RVMGF-000001046
=710  2\$aLabor Archives of Washington,$ecurator.
=856  42$uhttp://archiveswest.orbiscascade.org/ark:/80444/xv424682$zConnect to the online finding aid for this collection
=049  \\$aWAUW

