=LDR  07366cpcaa2201213 i 4500
=001  918590055
=008  150814i19662017xx\\\\\\\\\\\\\\\\\\eng\d
=005  20221006164216.8
=007  st\uunumu|c||e
=007  vf\caahos
=007  kh\bo|
=007  gs\cj||jc
=040  \\$aWAU$beng$erda$edacs$cWAU$dOCLCO$dWAU$dOCLCO$dOCLCF$dOCLCO$dOCLCQ$dOCL$dWAU
=041  0\$heng
=046  \\$o1966$p2017$2edtf
=110  2\$aKatipunan ng mga Demokratikong Pilipino,$ecreator.
=245  10$aKatipunan ng mga Demokratikong Pilipino (KDP) [Union of Democratic Filipinos] records.
=264  \0$c1966-2017 (bulk 1966-1999)
=300  \\$a57.91 cubic feet$a(57 boxes)
=336  \\$atext$btxt$2rdacontent
=336  \\$astill image$bsti$2rdacontent
=336  \\$aspoken word$bspw$2rdacontent
=336  \\$atwo-dimensional moving image$btdi$2rdacontent
=337  \\$aunmediated$bn$2rdamedia
=337  \\$aaudio$bs$2rdamedia
=337  \\$avideo$bv$2rdamedia
=338  \\$asheet$bnb$2rdacarrier
=338  \\$avolume$bnc$2rdacarrier
=338  \\$aaudiotape reel$bst$2rdacarrier
=338  \\$avideocassette$bvf$2rdacarrier
=338  \\$aslide$bgs$2rdacarrier
=386  \\$aFilipino Americans$aFilipinos$2lcdgt
=545  1\$aThe Union of Democratic Filipinos / Katipunan ng mga Demokratikong Pilipino (KDP) is an organization that emerged in the Filipino American Community in 1973. As an organization the KDP embraced the dual goal of establishing socialism in the US, as well as supporting the National Democratic Movement led by the Communist Party of the Philippines (CPP). A central part of the mission of the KDP was fighting the regime of Philippines dictator Ferdinand Marcos, who had established marshall law when he seized power and represssed leftists and trade unionists in the Philippines. Two of the KDP's Seattle members, Gene Viernes and Silme Domingo, were assassinated for their attempts to counter the Marcos regime and reform the Cannery Workers Union is Seattle. Marcos was later found guilty of orchestrating the attacks and found criminally liable in a US court.
=520  2\$aRecords, publications, photographic slides, and research files collected by the KDP in its activities. The collection also contains some materials on the history of the organization and its members. Members include Gregorio (Greg) Santillon, Ermena Vinluan, Alonzo Suson, and Ricardo Ortega, as well as the records of the Northwest Labor and Employment Law Office. The records were collected through the work of KDP and Cindy Domingo. Records of the members and related organizations include personal files, organizational materials, research files, publications, and films.
=506  \\$aOpen to all users, but access to portions of the collection is restricted. No user access copy is available for Betacams or DVDs. Users may be able to obtain a reproduction of the media for a fee. Contact Special Collections for more information.
=540  \\$aLiterary rights of representatives of the records-creating organization transferred to the University of Washington Libraries.
=610  20$aKatipunan ng mga Demokratikong Pilipino$vArchives.
=610  20$aKatipunan ng mga Demokratikong Pilipino$xHistory$vSources.
=650  \0$aFilipino Americans$xPolitical activity$xHistory$vSources.
=650  \0$aFilipino Americans$xPolitics and government$y20th century$xHistory$vSources.
=651  \0$aPhilippines$xPolitics and government$y1946-$xHistory$vSources.
=650  \6$aAméricains d'origine philippine$0(CaQQLa)201-0079090$xActivité politique$0(CaQQLa)201-0373907$xHistoire$0(CaQQLa)201-0382350$vSources.$0(CaQQLa)201-0382350
=651  \6$aPhilippines$0(CaQQLa)201-0078686$xPolitique et gouvernement$0(CaQQLa)201-0078686$y1946-$0(CaQQLa)201-0078686$xHistoire$0(CaQQLa)201-0382350$vSources.$0(CaQQLa)201-0382350
=610  27$aKatipunan ng mga Demokratikong Pilipino.$2fast$0(OCoLC)fst01516764
=650  \7$aPolitics and government.$2fast$0(OCoLC)fst01919741
=651  \7$aPhilippines.$2fast$0(OCoLC)fst01205261
=648  \7$aSince 1900$2fast
=655  \7$aNewsletters.$2fast$0(OCoLC)fst01919943
=655  \2$aLetter$0(DNLM)D016422
=655  \2$aPeriodical$0(DNLM)D020492
=655  \2$aAddress$0(DNLM)D019484
=655  \2$aAcademic Dissertation$0(DNLM)D019478
=655  \7$anewspaper clippings.$2aat$0(CStmoGRI)aatgf300429554
=655  \7$agrant proposals.$2aat$0(CStmoGRI)aatgf300027262
=655  \7$amanuscripts for publication.$2aat$0(CStmoGRI)aatgf300028579
=655  \7$apublications (documents)$2aat$0(CStmoGRI)aatgf300111999
=655  \7$aManuscripts.$2aat
=655  \7$aarticles.$2aat$0(CStmoGRI)aatgf300048715
=655  \7$areports.$2aat$0(CStmoGRI)aatgf300027267
=655  \7$aresearch notes.$2aat$0(CStmoGRI)aatgf300265639
=655  \7$afiles (document groupings)$2aat$0(CStmoGRI)aatgf300026942
=655  \7$alegal documents.$2aat$0(CStmoGRI)aatgf300027590
=655  \7$anewsletters.$2aat$0(CStmoGRI)aatgf300026652
=655  \7$aslides (photographs)$2aat$0(CStmoGRI)aatgf300128371
=655  \7$atranscripts.$2aat$0(CStmoGRI)aatgf300027388
=655  \7$acommercial correspondence.$2aat$0(CStmoGRI)aatgf300026914
=655  \7$aperiodicals.$2aat$0(CStmoGRI)aatgf300026657
=655  \7$aspeeches (documents)$2aat$0(CStmoGRI)aatgf300026671
=655  \7$aprograms (documents)$2aat$0(CStmoGRI)aatgf300027240
=655  \7$aAcademic theses.$2fast$0(OCoLC)fst01726453
=655  \7$aArchives.$2fast$0(OCoLC)fst01423700
=655  \7$aBusiness correspondence.$2fast$0(OCoLC)fst01919897
=655  \7$aCourse materials.$2fast$0(OCoLC)fst01919908
=655  \7$aDrama.$2fast$0(OCoLC)fst01423879
=655  \7$aHistory.$2fast$0(OCoLC)fst01411628
=655  \7$aInstructional and educational works.$2fast$0(OCoLC)fst01919931
=655  \7$aPeriodicals.$2fast$0(OCoLC)fst01411641
=655  \7$aPrograms (Publications)$2fast$0(OCoLC)fst01919956
=655  \7$aRecords (Documents)$2fast$0(OCoLC)fst01919961
=655  \7$aSources.$2fast$0(OCoLC)fst01423900
=655  \7$aSpeeches.$2fast$0(OCoLC)fst01774286
=655  \7$aPhotographs.$2lcdgt
=655  \7$aBusiness correspondence.$2lcgft
=655  \7$aRecords (Documents)$2lcgft
=655  \7$aPeriodicals.$2lcgft
=655  \7$aSpeeches.$2lcgft
=655  \7$aDrama.$2lcgft
=655  \7$aAcademic theses.$2lcgft
=655  \7$aCourse materials.$2lcgft
=655  \7$aInstructional and educational works.$2lcgft
=655  \7$aPrograms (Publications)$2lcgft
=655  \7$aNewsletters.$2lcgft
=655  \7$aLettres d'informations.$2rvmgf$0(CaQQLa)RVMGF-000001104
=655  \7$aCorrespondance commerciale.$2rvmgf$0(CaQQLa)RVMGF-000001162
=655  \7$aDocuments administratifs.$2rvmgf$0(CaQQLa)RVMGF-000001054
=655  \7$aPériodiques.$2rvmgf$0(CaQQLa)RVMGF-000001105
=655  \7$aDiscours.$2rvmgf$0(CaQQLa)RVMGF-000001617
=655  \7$aThéâtre.$2rvmgf$0(CaQQLa)RVMGF-000000474
=655  \7$aThèses et écrits académiques.$2rvmgf$0(CaQQLa)RVMGF-000001173
=655  \7$aMatériel de cours.$2rvmgf$0(CaQQLa)RVMGF-000001187
=655  \7$aMatériel d'éducation et de formation.$2rvmgf$0(CaQQLa)RVMGF-000001042
=655  \7$aProgrammes (Publications)$2rvmgf$0(CaQQLa)RVMGF-000000670
=856  42$uhttp://archiveswest.orbiscascade.org/ark:/80444/xv03320$zConnect to the aid for this collection
=049  \\$aWAUW

