=LDR  04700cpc a2200769 i 4500
=001  1076544872
=008  181129i19702010wau\\\\\\\\\\\\\\\\\eng\d
=005  20220427192449.0
=040  \\$aWAU$beng$erda$edacs$cWAU$dOCLCF$dWAU$dOCLCO
=046  \\$k1970$l2010$2edtf
=100  1\$aKelsey, Norma L.,$d1935-$ecreator.
=245  10$aNorma L. Kelsey papers.
=264  \0$c1970s-2010s
=300  \\$a12.66 cubic feet (11 boxes)
=336  \\$atext$btxt$2rdacontent
=336  \\$astill image$bsti$2rdacontent
=337  \\$aunmediated$bn$2rdamedia
=338  \\$asheet$bnb$2rdacarrier
=500  \\$aForms a part of the Labor Archives of Washington.
=545  0\$aLabor activist, social justice activist, feminist, and union member. Kelsey was a member or officer of various labor and social justice organizations, including the Office and Professional Employees International Union Local 8, the King County Labor Council; El Centro de la Raza; Mothers for Police Accountability, the King County Union Retirees Council, the Puget Sound Alliance for Retired Americans, and the Coalition of Labor Union Women, among others. Kelsey was also involved in the work of the Seattle City Council's World Trade Organization Accountability Review Committee as a member of its Citizens Panel on Planning and Preparedness.
=520  2\$aCorrespondence, materials related to Kelsey's activism with labor and social justice organizations, records of her membership in Local 8, boad records, interview notes, draft documents, reports, VHS tapes, and print material related to OPEIU Local 8 meetings.
=506  0\$aNo restrictions on access. VHS cassettes are open for previewing onsite in the Special Collections Reading Room only.
=540  \\$aCreator's copyrights transferred to the University of Washington Libraries Special Collections.
=541  1\$aDonated by Norma Kelsey.
=500  \\$aFinding aid funded by the Labor Archives of Washington State Budget
=600  10$aKelsey, Norma L.,$d1935-$vArchives.
=610  20$aAFL-CIO.$bKing County Labor Council of Washington.
=610  20$aCentro de la Raza (Seattle, Wash.)
=610  20$aOffice and Professional Employees International Union.$bLocal 8 (Seattle, Wash.)
=650  \0$aLabor unions$zWashington (State)
=650  \0$aLabor unions$zWashington (State)$xOfficials and employees.
=650  \0$aLabor union members$zWashington (State)
=650  \0$aLabor$zWashington (State)
=650  \0$aLabor movement$zWashington (State)
=651  \0$aCentral America$xPolitics and government$y1979-
=650  \6$aSyndicats$0(CaQQLa)201-0007001$zWashington (État)$0(CaQQLa)201-0395184
=650  \6$aSyndicats$0(CaQQLa)201-0053806$zWashington (État)$0(CaQQLa)201-0395184$xPersonnel.$0(CaQQLa)201-0053806
=650  \6$aSyndiqués$0(CaQQLa)201-0268551$zWashington (État)$0(CaQQLa)201-0395184
=650  \6$aTravail$0(CaQQLa)201-0093408$zWashington (État)$0(CaQQLa)201-0395184
=650  \6$aMouvement ouvrier$0(CaQQLa)201-0078721$zWashington (État)$0(CaQQLa)201-0395184
=651  \6$aAmérique centrale$xPolitique et gouvernement$y1979-$0(CaQQLA)201-0114973
=610  27$aAFL-CIO.$bKing County Labor Council of Washington.$2fast$0(OCoLC)fst00576124
=610  27$aCentro de la Raza (Seattle, Wash.)$2fast$0(OCoLC)fst00681703
=650  \7$aLabor.$2fast$0(OCoLC)fst00989798
=650  \7$aLabor movement.$2fast$0(OCoLC)fst00990079
=650  \7$aLabor union members.$2fast$0(OCoLC)fst00990256
=650  \7$aLabor unions.$2fast$0(OCoLC)fst00990260
=650  \7$aLabor unions$xOfficials and employees.$2fast$0(OCoLC)fst00990289
=650  \7$aPolitics and government.$2fast$0(OCoLC)fst01919741
=651  \7$aCentral America.$2fast$0(OCoLC)fst01244535
=651  \7$aWashington (State)$2fast$0(OCoLC)fst01204703
=648  \7$aSince 1979$2fast
=655  \2$aEphemera$0(DNLM)D019502
=655  \7$aprinted ephemera.$2aat$0(CStmoGRI)aatgf300264821
=655  \7$aArchives.$2fast$0(OCoLC)fst01423700
=655  \7$aEphemera.$2fast$0(OCoLC)fst01919921
=655  \7$aPersonal correspondence.$2fast$0(OCoLC)fst01919948
=655  \7$aRecords (Documents)$2fast$0(OCoLC)fst01919961
=655  \7$aRecords (Documents)$2lcgft
=655  \7$aPersonal correspondence.$2lcgft
=655  \7$aEphemera.$2lcgft
=655  \7$aDocuments administratifs.$2rvmgf$0(CaQQLa)RVMGF-000001054
=655  \7$aCorrespondance privée.$2rvmgf$0(CaQQLa)RVMGF-000001056
=655  \7$aDocuments éphémères.$2rvmgf$0(CaQQLa)RVMGF-000001046
=710  2\$aLabor Archives of Washington,$ehost institution.
=856  42$uhttp://archiveswest.orbiscascade.org/ark:/80444/xv888213$zConnect to the online finding aid for this collection.
=049  \\$aWAUW

