=LDR  04043cpcaa2200577 i 4500
=001  957563277
=008  160831i20122016wau\\\\\\\\\\\\\\\\\eng\d
=005  20220612150945.9
=007  cr\cna---mumua
=040  \\$aWAU$beng$erda$edacs$cWAU$dWAU$dOCLCF$dOCLCA$dOCLCQ$dWAU$dOCLCQ$dWAU$dOCLCO
=041  0\$heng
=046  \\$k2012$l2016$2edtf
=110  2\$aLabor Archives of Washington,$ecreator.
=245  10$aSeaTac Seattle minimum wage history project records.
=264  \0$c2012-2016 (bulk 2015-2016).
=300  \\$aapproximately 600$fgigabytes of audio, video, and  textual files
=336  \\$atext$btxt$2rdacontent
=336  \\$aspoken word$bspw$2rdacontent
=336  \\$atwo-dimensional moving image$btdi$2rdacontent
=337  \\$acomputer$bc$2rdamedia
=338  \\$aonline resource$bcr$2rdacarrier
=545  1\$aThe SeaTac Seattle Minimum Wage History Project is a research, archival documentation, and oral history project co-directed by University of Washington political science professor Michael McCann and University of Washington labor archivist Conor Casey. Beginning in 2015, the project members--McCann, Casey, and graduate and undergraduate students at the University of Washington--collected articles about the SeaTac and Seattle camaigns and then peformed dozens oral history interviews. As well, some hard copy archival collections were collected for the Labor Archives of Washington, websites were archivally captured, and some materials were digitized relating to the campaigns. The resulting digital web archive documents the stories of those involved in the campaigns, as supporters and opponents, in or affected by the struggles over a {dollar}15 minimum wage at SeaTac and in Seattle as well as the broader, ongoing effects and efforts at a national level. Interviews include a broad coalition of labor union officers and members, politicians, nonprofit community partners, and small business owners in support and against the initiatives.
=520  2\$aAudio and video files of oral history interviews of the collection, full transcriptions of interviews in PDF and print format, archived websites, PDF exports of newspaper and journal articles on the SeaTac and Seattle campaigns, including research on the history of minimum wage laws, local media coverage, and national media coverage. Digital content available.
=506  \\$aOpen to all users.
=540  \\$aCreator's literary rights transferred to the University of Washington Libraries.
=541  \\$cSeattle SeaTac Minimum Wage History Project.$aConor Casey and Michael McCann,$d2016
=650  \0$aMinimum wage$zWashington (State)
=650  \0$aLabor$zWashington (State)
=650  \0$aLabor movement$zWashington (State)
=650  \6$aSalaires minimums$0(CaQQLa)201-0071753$zWashington (État)$0(CaQQLa)201-0395184
=650  \6$aTravail$0(CaQQLa)201-0093408$zWashington (État)$0(CaQQLa)201-0395184
=650  \6$aMouvement ouvrier$0(CaQQLa)201-0078721$zWashington (État)$0(CaQQLa)201-0395184
=650  \7$aLabor.$2fast$0(OCoLC)fst00989798
=650  \7$aLabor movement.$2fast$0(OCoLC)fst00990079
=650  \7$aMinimum wage.$2fast$0(OCoLC)fst01022855
=651  \7$aWashington (State)$2fast$0(OCoLC)fst01204703
=655  \7$asound recordings.$2aat$0(CStmoGRI)aatgf300028633
=655  \7$ainterviews.$2aat$0(CStmoGRI)aatgf300026392
=655  \7$aInterviews.$2fast$0(OCoLC)fst01423832
=655  \7$aSound recordings.$2fast$0(OCoLC)fst01411639
=655  \7$aVideo recordings.$2fast$0(OCoLC)fst01692913
=655  \7$aVideo recordings.$2lcgft
=655  \7$aSound recordings.$2lcgft
=655  \7$aInterviews.$2lcgft
=655  \7$aVidéos.$2rvmgf$0(CaQQLa)RVMGF-000001738
=655  \7$aEnregistrements sonores.$2rvmgf$0(CaQQLa)RVMGF-000000201
=655  \7$aInterviews.$2rvmgf$0(CaQQLa)RVMGF-000000446
=700  1\$aConor, Casey,$ecurator.
=700  1\$aMcCann, Michael W.,$d1952-$ecurator.
=856  42$uhttp://archiveswest.orbiscascade.org/ark:/80444/xv00650$zConnect to the online finding aid for this collection
=049  \\$aWAUW

