=LDR  06879cpcaa22009017i 4500
=001  1130061904
=008  191209i19732015wau\\\\\\\\\\\\\\\\\eng\d
=005  20220807230253.5
=040  \\$aWAU$beng$erda$edacs$cWAU$dWAU$dOCLCF$dOCL$dOCLCQ$dOCLCO$dOCL
=043  \\$an-us-wa
=046  \\$o1973$p2015$2edtf
=110  2\$aLeft Bank Books Collective,$ecreator.
=245  10$aLeft Bank Books Collective records.
=264  \0$capproximately 1973-2015.
=300  \\$a3.82 cubic feet$a(6 boxes)
=336  \\$atext$btxt$2rdacontent
=337  \\$aunmediated$bn$2rdamedia
=338  \\$asheet$bnb$2rdacarrier
=545  1\$aLeft Bank Books was founded in 1973 by a group of workers who split off from the University District's Red and Black Books to form their own collective bookstore in the Pike Place Market. The two projects continued as separate but mutually supportive projects until the mid 1990s, when Red and Black closed. For much of the 1980s and 1990s, the Left Bank Books Collective expanded to include two other projects: AKA Books, a used bookstore in Seattle's University District, as well as a wholesale distribution and mail order project known as Left Bank Distribution. Neither of these projects exists today due to financial problems and rental situations in Seattle. Left Bank is collectively owned and operated by its workers, and has been since its inception. As an anarchist collective, Left Bank has no bosses or managers. Decisions are made in bi-monthly collective meetings based on a consensus process. Left Bank Books still operates out of a Pike Place Market storefront. Left Bank Books was founded as a small collective. In the late 1990s, Left Bank Books became registered as a federal corporation so that in the event of financial difficulty at the store, individual employees would not be held financially responsible. Left Bank Books is not federally registered as a non-profit. Left Bank Distribution, or LBD, was a project started by the Left Bank Books collective in 1980 and ended in 2001. LBD was a book distribution project that provided direct mail-order service of radical book, zines and magazines to individuals and bookstores during the 1980s and 1990s. LBD was a wholesale distributor of radical and alternative books, pamphlets, magazines and zines to independent bookstores, tabling projects, libraries and other organizations, and individuals, mail order catalog. LBD offered one of the largest selections of anarchist & radical books in the world. Corporatization of the bookstore and distribution industry beginning in the late 1990s led to the proliferation of chain bookstores and put many independent bookstores out of business. Source: https://www.leftbankbooks.com/aboutUs.php#history
=520  2\$aBusiness records of the Left Banks Books Collective and its projects AKA Books (a used bookstore in Seattle's University District), as well as a wholesale distribution and mail order project known as Left Bank Distribution.
=506  \\$aNo restrictions on access.
=540  \\$aCreator's copyrights transferred to the University of Washington Libraries Special Collections.
=546  \\$aCollection materials are in English.
=610  20$aLeft Bank Books Collective$vArchives.
=610  20$aLeft Bank Distribution (Seattle, Wash.)$xHistory$vSources.
=610  20$aAKA Books (Seattle, Wash.)$xHistory$vSources.
=650  \0$aBooksellers and bookselling$zWashington (State)$zSeattle$xHistory$vSources.
=650  \0$aAnarchism$zWashington (State)$zSeattle$xHistory$vSources.
=650  \0$aIndustrial management$xEmployee participation$zWashington (State)$zSeattle$xHistory$vSources.
=650  \6$aAnarchisme$0(CaQQLa)201-0006997$zWashington (État)$0(CaQQLa)201-0394837$zSeattle$0(CaQQLa)201-0394837$xHistoire$0(CaQQLa)201-0382350$vSources.$0(CaQQLa)201-0382350
=650  \6$aGestion d'entreprise$0(CaQQLa)201-0122057$xParticipation du personnel$0(CaQQLa)201-0122057$zWashington (État)$0(CaQQLa)201-0394837$zSeattle$0(CaQQLa)201-0394837$xHistoire$0(CaQQLa)201-0382350$vSources.$0(CaQQLa)201-0382350
=650  \7$aAnarchism.$2fast$0(OCoLC)fst00808387
=650  \7$aBooksellers and bookselling.$2fast$0(OCoLC)fst00836492
=650  \7$aIndustrial management$xEmployee participation.$2fast$0(OCoLC)fst00971272
=651  \7$aWashington (State)$zSeattle.$2fast$0(OCoLC)fst01204940
=655  \7$aSales catalogs.$2fast$0(OCoLC)fst01986265
=655  \7$alogs (records)$2aat$0(CStmoGRI)aatgf300202545
=655  \7$asales records.$2aat$0(CStmoGRI)aatgf300027566
=655  \7$abook catalogs.$2aat$0(CStmoGRI)aatgf300026606
=655  \7$anewspaper clippings.$2aat$0(CStmoGRI)aatgf300429554
=655  \7$aminutes (administrative records)$2aat$0(CStmoGRI)aatgf300027440
=655  \7$aminute books.$2aat$0(CStmoGRI)aatgf300135375
=655  \7$arecords (documents)$2aat$0(CStmoGRI)aatgf300026685
=655  \7$abusiness records.$2aat$0(CStmoGRI)aatgf300141693
=655  \7$anews bulletins.$2aat$0(CStmoGRI)aatgf300026435
=655  \7$anewsletters.$2aat$0(CStmoGRI)aatgf300026652
=655  \7$acommercial correspondence.$2aat$0(CStmoGRI)aatgf300026914
=655  \7$aprinted ephemera.$2aat$0(CStmoGRI)aatgf300264821
=655  \7$aphotographs.$2aat$0(CStmoGRI)aatgf300046300
=655  \7$asales catalogs.$2aat$0(CStmoGRI)aatgf300026074
=655  \7$atrade catalogs.$2aat$0(CStmoGRI)aatgf300026063
=655  \7$aSources.$2fast$0(OCoLC)fst01423900
=655  \7$aArchives.$2fast$0(OCoLC)fst01423700
=655  \7$aBusiness correspondence.$2fast$0(OCoLC)fst01919897
=655  \7$aEphemera.$2fast$0(OCoLC)fst01919921
=655  \7$aHistory.$2fast$0(OCoLC)fst01411628
=655  \7$aMinutes (Records)$2fast$0(OCoLC)fst01919940
=655  \7$aNewsletters.$2fast$0(OCoLC)fst01919943
=655  \7$aPhotographs.$2fast$0(OCoLC)fst01423689
=655  \7$aRecords (Documents)$2fast$0(OCoLC)fst01919961
=655  \7$aTrade catalogs.$2fast$0(OCoLC)fst01919982
=655  \7$aMinutes (Records)$2lcgft
=655  \7$aRecords (Documents)$2lcgft
=655  \7$aNewsletters.$2lcgft
=655  \7$aBusiness correspondence.$2lcgft
=655  \7$aEphemera.$2lcgft
=655  \7$aPhotographs.$2lcgft
=655  \7$aTrade catalogs.$2lcgft
=655  \7$aSales catalogs.$2lcgft
=655  \7$aProcès-verbaux.$2rvmgf$0(CaQQLa)RVMGF-000001222
=655  \7$aDocuments administratifs.$2rvmgf$0(CaQQLa)RVMGF-000001054
=655  \7$aLettres d'informations.$2rvmgf$0(CaQQLa)RVMGF-000001104
=655  \7$aCorrespondance commerciale.$2rvmgf$0(CaQQLa)RVMGF-000001162
=655  \7$aDocuments éphémères.$2rvmgf$0(CaQQLa)RVMGF-000001046
=655  \7$aPhotographies.$2rvmgf$0(CaQQLa)RVMGF-000001676
=655  \7$aCatalogues commerciaux.$2rvmgf$0(CaQQLa)RVMGF-000001180
=856  42$uhttp://archiveswest.orbiscascade.org/ark:/80444/xv987334$zConnect to the finding aid for this collection
=049  \\$aWAUW

