=LDR  04350cpc a2200673 i 4500
=001  1034740248
=008  180507i19652016wau\\\\\\\\\\\\\\\\\eng\d
=005  20220409184439.3
=040  \\$aWAU$beng$edacs$erda$cWAU$dOCLCF$dWAU$dOCLCO
=046  \\$k1965$l2016$2edtf
=110  2\$aMarmot, Inc. (Seattle, Wash.),$ecreator.
=245  10$aMarmot, Inc. records.
=264  \0$c1965-2016
=300  \\$a3.37$fcubic feet$a(7 boxes )
=336  \\$atext$btxt$2rdacontent
=337  \\$aunmediated$bn$2rdamedia
=338  \\$asheet$bnb$2rdacarrier
=500  \\$aForms a part of the Labor Archives of Washington.
=545  1\$aMarmot, Inc. was a worker-self managed reforestation workers' cooperative/collective called. Based in Seattle and Bellingham, Marmot was founded in the mid-1970s, and ultimately dissolved in 1985 at the bottom of the timber industry recession of the mid-1980s. During its history Marmot had around 30 worker-owners, and it was part of a larger network of forestry cooperatives called the Northwest Forestry Workers Association that probably totaled one to two thousand workers.
=520  2\$aIndividual papers reunited at a Marmot, Inc. reunion from various members as part of an archival documentation project. The donors were: Steve Marquardt, Joseph Moore, Erik Nelsen, Gordon Scott; David Funke, Kathleen Creahan. The collection includes newsletters, general meeting minutes, articles, maps, notes, general workers and owner information, Northwest Forestry Workers Association correspondence, financial reports and documents, 1981 local contract appeal, and a photo book of Marmot, Inc. members (self-published) 2016.
=506  1\$aAccess restricted: closed until processed.
=540  \\$aCreator's copyrights transferred to the University of Washington Libraries Special Collections.
=541  1\$aSteve Marquardt, Joseph Moore, Erik Nelsen, Gordon Scott, Kathleen Creahan;$d2016-10-25.
=561  1\$aArranged by donor to retain provenance within overall Marmot, Inc collection.
=610  20$aMarmot, Inc. (Seattle, Wash.)$vArchives.
=650  \0$aLabor unions$zWashington (State)$zSeattle.
=650  \0$aLabor$zWashington (State)$zSeattle.
=650  \0$aLabor movement$zWashington (State)$zSeattle.
=650  \0$aLumber trade$xLabor unions$zWashington (State)$zSeattle.
=650  \6$aSyndicats$0(CaQQLa)201-0007001$zWashington (État)$0(CaQQLa)201-0394837$zSeattle.$0(CaQQLa)201-0394837
=650  \6$aTravail$0(CaQQLa)201-0093408$zWashington (État)$0(CaQQLa)201-0394837$zSeattle.$0(CaQQLa)201-0394837
=650  \6$aMouvement ouvrier$0(CaQQLa)201-0078721$zWashington (État)$0(CaQQLa)201-0394837$zSeattle.$0(CaQQLa)201-0394837
=650  \6$aBois$0(CaQQLa)201-0035482$xCommerce$0(CaQQLa)201-0035482$xSyndicats$0(CaQQLa)201-0378916$zWashington (État)$0(CaQQLa)201-0394837$zSeattle.$0(CaQQLa)201-0394837
=650  \7$aLabor.$2fast$0(OCoLC)fst00989798
=650  \7$aLabor movement.$2fast$0(OCoLC)fst00990079
=650  \7$aLabor unions.$2fast$0(OCoLC)fst00990260
=651  \7$aWashington (State)$zSeattle.$2fast$0(OCoLC)fst01204940
=655  \2$aLetter$0(DNLM)D016422
=655  \7$acommercial correspondence.$2aat$0(CStmoGRI)aatgf300026914
=655  \7$abylaws (administrative records)$2aat$0(CStmoGRI)aatgf300027433
=655  \7$aArchives.$2fast$0(OCoLC)fst01423700
=655  \7$aBusiness correspondence.$2fast$0(OCoLC)fst01919897
=655  \7$aBy-laws.$2fast$0(OCoLC)fst01423762
=655  \7$aMinutes (Records)$2fast$0(OCoLC)fst01919940
=655  \7$aNewsletters.$2fast$0(OCoLC)fst01919943
=655  \7$aRecords (Documents)$2fast$0(OCoLC)fst01919961
=655  \7$aRecords (Documents)$2lcgft
=655  \7$aMinutes (Records)$2lcgft
=655  \7$aBusiness correspondence.$2lcgft
=655  \7$aBy-laws.$2lcgft
=655  \7$aNewsletters.$2lcgft
=655  \7$aDocuments administratifs.$2rvmgf$0(CaQQLa)RVMGF-000001054
=655  \7$aProcès-verbaux.$2rvmgf$0(CaQQLa)RVMGF-000001222
=655  \7$aCorrespondance commerciale.$2rvmgf$0(CaQQLa)RVMGF-000001162
=655  \7$aStatuts.$2rvmgf$0(CaQQLa)RVMGF-000001472
=655  \7$aLettres d'informations.$2rvmgf$0(CaQQLa)RVMGF-000001104
=710  2\$aLabor Archives of Washington,$ecurator.
=856  42$uhttp://archiveswest.orbiscascade.org/ark:/80444/xv97613$zConnect to the online finding aid for this collection.
=049  \\$aWAUW

