=LDR  03031cpcaa2200553Ii 4500
=001  767738250
=008  111207i19711987wau\\\\\\\\\\\\\\\\\eng\d
=005  20220328020027.7
=040  \\$aWAU$beng$erda$edacs$cWAU$dWAU$dOCLCQ$dWAU$dOCLCF$dOCLCO
=041  0\$heng
=043  \\$an-us-wa$an-usp--$an-cn-bc
=046  \\$o1971$p1987$2edtf
=110  2\$aPacific Coast Pensioners Association,$ecollector.
=245  10$aPacific Coast Pensioners Association Photographs.
=264  \0$c1971-1987
=300  \\$a0.33 cubic ft.$a(1 box)
=336  \\$astill image$bsti$2rdacontent
=336  \\$atext$btxt$2rdacontent
=337  \\$aunmediated$bn$2rdamedia
=338  \\$asheet$bnc$2rdacarrier
=520  2\$aScrapbook of activities of the International Longshore and Warehouse Union Pacific Coast Pensioners Association. Photographs and newsclippings from the 1970s and 1980s. Includes photographs of PCPA events and members and news clippings relating to the PCPA. The main focus is PCPA members and activities in Raymond, Washington, but the collection includes many regional events from the Pacific Northwest.
=545  1\$aThe Pacific Coast Pensioners Association was formed in 1968 to provide unity and direction to ILWU retirees, and to represent the pensioners and their local unions in contract negotiations and with Social Security.
=506  \\$aOpen to all users.
=540  \\$aCreator's literary rights transferred to the University of Washington Libraries.
=541  \\$cDonated by:$aJerry Lloyd,$dOctober 31, 2011.
=610  20$aPacific Coast Pensioners Association$vPictorial works.
=650  \0$aRetirees$zWashington (State)$zRaymond$vPictorial works.
=650  \0$aRetirees$zNorthwest, Pacific$vPictorial works.
=650  \0$aLabor union members$zWashington (State)$zRaymond$vPictorial works.
=650  \0$aLabor union members$zNorthwest, Pacific$vPictorial works.
=650  \0$aFraternal organizations$zWashington (State)$zRaymond$vPictorial works.
=650  \0$aFraternal organizations$zNorthwest, Pacific$vPictorial works.
=650  \7$aFraternal organizations.$2fast$0(OCoLC)fst01430375
=650  \7$aLabor union members.$2fast$0(OCoLC)fst00990256
=650  \7$aRetirees.$2fast$0(OCoLC)fst01096254
=651  \7$aPacific Northwest.$2fast$0(OCoLC)fst01242543
=651  \7$aWashington (State)$zRaymond.$2fast$0(OCoLC)fst01289266
=655  \2$aPhotograph$0(DNLM)D059036
=655  \7$anewspaper clippings.$2aat$0(CStmoGRI)aatgf300429554
=655  \7$ascrapbooks.$2aat$0(CStmoGRI)aatgf300027341
=655  \7$aphotographs.$2aat$0(CStmoGRI)aatgf300046300
=655  \7$aAlbums (Books)$2fast$0(OCoLC)fst01726784
=655  \7$aPhotographs.$2fast$0(OCoLC)fst01423689
=655  \7$aPictorial works.$2fast$0(OCoLC)fst01423874
=655  \7$aPhotographs.$2lcgft
=655  \7$aAlbums (Books)$2lcgft
=655  \7$aAlbums personnalisés.$2rvmgf$0(CaQQLa)RVMGF-000001033
=856  42$uhttp://archiveswest.orbiscascade.org/ark:/80444/xv48904$zConnect to the finding aid for this collection.
=049  \\$aWAUW

