=LDR  01773cpcaa22002533  4500
=001  865179358
=008  131213p19842014xx\\\\\\\\\\\\\\\\\\eng\d
=005  20170307015532.9
=040  \\$aWAU$beng$cWAU$dWAU$dOCLCQ
=110  2\$aPuget Sound Advocates for Retirement Action.
=245  10$aPuget Sound Advocates for Retirement Action records,$f1984-2014.
=300  \\$a4.15 cubic ft. (4 boxes)
=520  2\$aMinutes, correspondence, agendas, newsletters, photographs, newspaper clippings, and petitions related to the Puget Sound Council of Senior Citizens, the Puget Sound Alliance for Retired Americans, Puget Sound Advocates for Retirement Action, and issues of healthcare, housing, and income.
=545  1\$aThe Puget Sound Advocates for Retirement Action (PSARA) is a Seattle-based branch of the Alliance for Retired Americans. PSARA has been operating for over 25 years; prior to 2012 the organization was known as Puget Sound Alliance for Retired Americans; prior to 2002, the organization was known as the Puget Sound Council of Retired Citizens.
=506  \\$aOpen to all users.
=506  \\$aRecords stored offsite; advance notice required for use.
=540  \\$aCreator's literary rights have been transferred to the University of Washington Libraries.
=555  0\$aA finding aid to the papers is available in the Special Collections Division of the University of Washington Libraries and on the World Wide Web.
=710  2\$aPuget Sound Alliance of Retired Americans.
=710  2\$aPuget Sound Council of Senior Citizens.
=740  0\$aAcc5803-001.
=740  0\$aAcc5803-002.
=856  42$uhttp://www.lib.washington.edu/specialcoll/findaids/docs/papersrecords/PugetSoundCouncilRetiredCitizens5803.xml$zConnect to the online finding aid for this collection
=049  \\$aWAUW

