=LDR  03830cpcaa2200661 i 4500
=001  28409216
=008  880809i19911997wau\\\\\\\\\\\\\\\\\eng\d
=005  20220405153026.2
=010  \\$a   88797694 $bms 87001660 
=040  \\$aWaU$edacs$beng$erda$cDLC$dWAU$dNUCMC$dOCLCO$dOCLCA$dOCLCQ$dOCL$dWAU$dOCLCO
=043  \\$an-us-wa$an-us---
=110  2\$aRadical Women.$bSeattle Office,$ecreator.
=245  10$aRadical Women, Seattle Office records.
=264  \0$c1991-1997.
=300  \\$a0.37 cubic feet (1 box)
=336  \\$atext$btxt$2rdacontent
=337  \\$aunmediated$bn$2rdamedia
=338  \\$asheet$bnb$2rdacarrier
=545  1\$aThe Seattle Office of the socialist feminist worker's organization Radical Women founded in Seattle in 1967, when Freedom Socialist Party co-founder Clara Fraser and her close colleague Gloria Martin joined with young women from Students for a Democratic Society to build women's leadership in the left and anti-war movements. Radical Women also sought to become the socialist wing of the feminist movement. In 1973, it formally affiliated with the Freedom Socialist Party, and the party gained a sister organization.
=520  2\$aThese records were collected and created by Clara Fraser, who was a co-founder and officer of Radical Women and the Freedom Socialist Party. Fraser collected, created, and maintained these records as part of her work for the organization.
=506  \\$aNo restrictions on access.
=545  \\$aCreator's copyrights transferred to the University of Washington Libraries Special Collections.
=500  \\$aForms part of the Labor Archives of Washington.
=650  \0$aFeminism$zWashington (State)
=650  \0$aWomen$zWashington (State)$xSocieties and clubs.
=650  \0$aWomen and socialism$zWashington (State)
=650  \0$aRadicalism$zWashington (State)
=650  \0$aWomen's rights$zUnited States.
=650  \0$aSocialism$zWashington (State)
=650  \0$aSocialism$xSocieties, etc.
=650  \0$aFeminism$xSocieties, etc.
=650  \0$aWomen and socialism$xSocieties, etc.
=650  \0$aRadicalism$xSocieties, etc.
=651  \4$aSeattle (Wash.)$xSocieties, etc.$xWomen.
=651  \4$aWashington (State)$xSocieties, etc.$xWomen.
=650  \6$aFéminisme$0(CaQQLa)201-0007054$zWashington (État)$0(CaQQLa)201-0395184
=650  \6$aFemmes$0(CaQQLa)201-0065397$zWashington (État)$0(CaQQLa)201-0395184$xAssociations.$0(CaQQLa)201-0065397
=650  \6$aFemmes et socialisme$0(CaQQLa)201-0007010$zWashington (État)$0(CaQQLa)201-0395184
=650  \6$aRadicalisme$0(CaQQLa)201-0008002$zWashington (État)$0(CaQQLa)201-0395184
=650  \6$aFéminisme$xAssociations.$0(CaQQLa)201-0254481
=650  \6$aFemmes et socialisme$0(CaQQLa)201-0007010$xAssociations.$0(CaQQLa)201-0380049
=650  \6$aRadicalisme$0(CaQQLa)201-0008002$xAssociations.$0(CaQQLa)201-0380049
=650  \7$aWomen's rights.$2fast$0(OCoLC)fst01178818
=650  \7$aWomen$xSocieties and clubs.$2fast$0(OCoLC)fst01176970
=650  \7$aWomen and socialism.$2fast$0(OCoLC)fst01177112
=650  \7$aSocialism$xSocieties, etc.$2fast$0(OCoLC)fst01123663
=650  \7$aSocialism.$2fast$0(OCoLC)fst01123637
=650  \7$aRadicalism$xSocieties, etc.$2fast$0(OCoLC)fst01087028
=650  \7$aRadicalism.$2fast$0(OCoLC)fst01087015
=650  \7$aFeminism$xSocieties, etc.$2fast$0(OCoLC)fst00922719
=650  \7$aFeminism.$2fast$0(OCoLC)fst00922671
=651  \7$aWashington (State)$2fast$0(OCoLC)fst01204703
=651  \7$aUnited States.$2fast$0(OCoLC)fst01204155
=655  \7$aNewsletters.$2ftamc
=710  2\$aLabor Archives of Washington,$ecurator.
=851  \\$aUniversity of Washington Libraries$c(Seattle).
=856  42$uhttp://archiveswest.orbiscascade.org/ark:/80444/xv147064$zConnect to the online finding aid for this collection
=049  \\$aWAUW

