=LDR  06624cpcaa2201033 i 4500
=001  1122857498
=008  191011i19872012wau\\\\\\\\\\\\\\\\\eng\d
=005  20220418194819.5
=007  vf\cbahou
=007  aj\|auua
=040  \\$aWAU$beng$erda$edacs$cWAU$dWAU$dOCLCF$dWAU$dOCLCO$dWAU$dOCLCO
=046  \\$o1987-2012$2edtf
=110  2\$aRIDGE (Organization),$ecreator.
=245  10$aRIDGE records.
=264  \0$c1987-2012.
=300  \\$a9.66 cubic feet$a(10 boxes, 2 oversize folders, 4 tubes)
=336  \\$atwo-dimensional moving image$btdi$2rdacontent$3VHS
=336  \\$astill image$bsti$2rdacontent$3photographs
=336  \\$acartographic image$bcri$2rdacontent$3maps
=336  \\$atext$btxt$2rdacontent
=337  \\$avideo$bv$2rdamedia$3VHS
=337  \\$aunmediated$bn$2rdamedia
=338  \\$avideocassette$bvf$2rdacarrier$3VHS
=338  \\$asheet$bnb$2rdacarrier
=541  \\$cDonated by:$aDouglas Kilgore and Ellie Belew.
=500  \\$aForms part of the Labor Archives of Washington.
=545  1\$aRIDGE was a community organization in Roslyn, Washington formed in 1988 by school teachers Doug Johnson and Susan Willis Johnson. Ellie Belew and Douglas Kilgore were leaders of the organization, which engaged in activism around forestry and land use issues during the late 1980s and into the early 2010s. RIDGE partnered with labor groups-- especially the building trades unions-- in a long fight to block the development of what is now the Suncadia Resort, the first Master Planned Resort in Washington State. Master Planned Resort [MPR] is a type of zoning distinction defined by the Washington State Growth Management [GMA] Act. MPRs are self-contained and fully integrated planned unit developments, in a setting of significant natural amenities, with primary focus on destination resort facilities consisting of short-term visitor accommodations associated with a range of developed on-site indoor or outdoor recreational facilities. The plan allows urban development outside of urban areas and connection to municipal wastewater connections but requires the MPR to be separated from surrounding communities. RIDGE used a variety of tactics to attempt to block Suncadia's development including: litigation, land use mapping, water rights, community meetings, and zoning changes. Later, RIDGE engaged with Futurewise to litigate and organize for reforms to the Kittitas County Comprehensive Plan. RIDGE dissolved in 2014.
=520  2\$aMaterials include news clippings and media coverage, land use maps, lawsuit materials, and digital files from the campaigns. Videotapes comprise another portion of the collection. Notes and contract drafts from contract negotiations form another part of the collection.
=506  \\$aNo restrictions on access for paper-based materials. VHS cassettes and CDs are closed until processed. No user access copy is available for material on VHS or CDs. Users may be able to obtain a reproduction of the media for a fee. Contact Special Collections for more information.
=540  \\$aCreator's copyrights transferred to the University of Washington Libraries Special Collections.
=546  \\$aCollection materials are in English.
=610  20$aRIDGE (Organization)$vArchives.
=610  20$aRIDGE (Organization)$xPress coverage.
=610  20$aSuncadia (Resort)$xHistory$vSources.
=650  \0$aEnvironmentalism$zWashington (State)
=650  \0$aConservation of natural resources$zWashington (State)
=650  \0$aForest conservation$zWashington (State)
=650  \0$aLand use$zWashington (State)
=650  \0$aLabor$zWashington (State)
=650  \0$aLabor unions$zWashington (State)
=650  \0$aLabor movement$zWashington (State)
=600  10$aJohnson, Douglas A.,$d1948-
=600  10$aJohnson, Susan Willis.
=600  10$aBelew, Ellie.
=600  10$aKilgore, Douglas H.
=650  \6$aEnvironnementalisme$0(CaQQLa)000268663$zWashington (État)$0(CaQQLa)201-0395184
=650  \6$aConservation des ressources naturelles$0(CaQQLa)201-0009996$zWashington (État)$0(CaQQLa)201-0395184
=650  \6$aForêts$0(CaQQLa)201-0010881$xConservation$0(CaQQLa)201-0010881$zWashington (État)$0(CaQQLa)201-0395184
=650  \6$aUtilisation du sol$0(CaQQLa)201-0019762$zWashington (État)$0(CaQQLa)201-0395184
=650  \6$aTravail$0(CaQQLa)201-0093408$zWashington (État)$0(CaQQLa)201-0395184
=650  \6$aSyndicats$0(CaQQLa)201-0007001$zWashington (État)$0(CaQQLa)201-0395184
=650  \6$aMouvement ouvrier$0(CaQQLa)201-0078721$zWashington (État)$0(CaQQLa)201-0395184
=650  \7$aConservation of natural resources.$2fast$0(OCoLC)fst00875502
=650  \7$aEnvironmentalism.$2fast$0(OCoLC)fst00913543
=650  \7$aForest conservation.$2fast$0(OCoLC)fst00932069
=650  \7$aLabor.$2fast$0(OCoLC)fst00989798
=650  \7$aLabor movement.$2fast$0(OCoLC)fst00990079
=650  \7$aLabor unions.$2fast$0(OCoLC)fst00990260
=650  \7$aLand use.$2fast$0(OCoLC)fst00991472
=650  \7$aPress coverage.$2fast$0(OCoLC)fst01198921
=651  \7$aWashington (State)$2fast$0(OCoLC)fst01204703
=655  \2$aLetter$0(DNLM)D016422
=655  \2$aPhotograph$0(DNLM)D059036
=655  \7$acommercial correspondence.$2aat$0(CStmoGRI)aatgf300026914
=655  \7$acontracts.$2aat$0(CStmoGRI)aatgf300027649
=655  \7$aphotographs.$2aat$0(CStmoGRI)aatgf300046300
=655  \7$aAerial photographs.$2fast$0(OCoLC)fst01423684
=655  \7$aArchives.$2fast$0(OCoLC)fst01423700
=655  \7$aBusiness correspondence.$2fast$0(OCoLC)fst01919897
=655  \7$aContracts.$2fast$0(OCoLC)fst01774255
=655  \7$aHistory.$2fast$0(OCoLC)fst01411628
=655  \7$aMaps.$2fast$0(OCoLC)fst01423704
=655  \7$aMinutes (Records)$2fast$0(OCoLC)fst01919940
=655  \7$aPhotographs.$2fast$0(OCoLC)fst01423689
=655  \7$aSources.$2fast$0(OCoLC)fst01423900
=655  \7$aBusiness correspondence.$2lcgft
=655  \7$aMinutes (Records)$2lcgft
=655  \7$aContracts.$2lcgft
=655  \7$aMaps.$2lcgft
=655  \7$aPhotographs.$2lcgft
=655  \7$aAerial photographs.$2lcgft
=655  \7$aCorrespondance commerciale.$2rvmgf$0(CaQQLa)RVMGF-000001162
=655  \7$aProcès-verbaux.$2rvmgf$0(CaQQLa)RVMGF-000001222
=655  \7$aContrats.$2rvmgf$0(CaQQLa)RVMGF-000001473
=655  \7$aCartes géographiques.$2rvmgf$0(CaQQLa)RVMGF-000000197
=655  \7$aPhotographies.$2rvmgf$0(CaQQLa)RVMGF-000001676
=710  2\$aLabor Archives of Washington,$ecurator.
=856  42$uhttp://archiveswest.orbiscascade.org/ark:/80444/xv987578$zConnect to the online finding aid for this collection
=049  \\$aWAUW

