=LDR  02198npcaa22001813i 4500
=001  944927777
=008  160316i19812014xx\\\\\\\\\\\\\\\\\\eng\d
=005  20160316195208.1
=040  \\$aWAU$beng$edacs$cWAU
=100  1\$aRieder, Ross K.
=245  10$aRoss Rieder Audio and Video Collection,$f1981-2014.
=300  \\$a.54 cubic feet$a(2 boxes)
=545  0\$aRoss Rieder is a union activist, labor historian, and preservationist. Rieder served as president of the Pacific Northwest Labor History Association for 37 years from 1978 to 2015, and remains a member and active supporter of the PNLHA. Before retiring, Rieder was a music teacher and a member of the Everett American Federation of Teachers local union. Rieder also worked for the the Snohomish County Central Labor Council and Washington State Federation of Labor. Other achievements by Rieder during his career in labor include his co-leadership (with Will Parry) of a Washington State Labor Council campaign in 1978-1979 to assist King County unions to organize workers in picketing automobile dealerships in reaction to a growing trend among the dealerships to open their shops to non-union work. Parry and Ross paired again to organize the Washington State delegation of union members and supporters for Solidarity Day -- a rally against the Reagan administration initiated by the AFL-CIO Executive Council and held in Washington, D.C., on September 19, 1981. Later, Rieder co-hosted a labor radio show on KSER (Everett) called "Part of the Union" between and served as president of the AFT retiree chapter in Washington.
=520  2\$aContains Ross Rieder's collection of labor-related audio and video recordings including audio recordings of his radio show "Part of the Union" (2005-2012) and DVD recordings of the monthy television production, "Our View", as broadcast on community cable channels across the state (2006-2014).
=506  \\$aSome restrictions on access. Contact repository for details.
=540  \\$aCreator's copyrights transferred to the University of Washington Libraries Special Collections.
=856  42$uhttp://archiveswest.orbiscascade.org/ark:/80444/xv96939$zConnect to the online finding aid for this collection
=049  \\$aWAUW

