=LDR  01055cpcaa22002057a 4500
=001  123954567
=008  070503i20002001xx\\\\\\\\\\\\\\\\\\eng\d
=005  20230628192144.0
=040  \\$aWAU$beng$cWAU$dWAU$dOCLCQ$dWAU
=100  1\$aRobin, Joshua.
=245  10$aJoshua Robin papers$f2000-2001.
=300  \\$aapproximately .21 cubic ft.
=520  2\$aNotes, letters, ephemera, press releases and other materials fromhis participation in the Seattle Times strike of 2000-2001.
=506  \\$aAccess may be restricted. Contact Special Collections for details.
=540  \\$aSome restrictions exist on duplication, quotation, or publication. Contact the repository for details.
=500  \\$aProcessing levels vary. Contact the repository for details.
=545  0\$aNewspaper reporter, Seattle Times; and member of the Pacific Northwest Newspaper Guild.
=555  0\$aFinding aid available in the repository and on the World Wide Web.
=856  42$uhttps://archiveswest.orbiscascade.org/ark:80444/xv57315$zConnect to the online finding aid for this collection.
=049  \\$aWAUW

