=LDR  01870cpcaa22001933  4500
=001  805564318
=008  120809i19932006xx\\\\\\\\\\\\\\\\\\eng\d
=005  20230628192017.7
=040  \\$aWAU$beng$cWAU$dWAU$dOCLCO$dWAU$dOCLCQ$dOCLCO$dWAU
=100  1\$aRosenblum, Jonathan,$d1961-
=245  10$aJonathan Rosenblum papers,$f1993-2006.
=300  \\$a1 cubic ft. (1 box)
=520  2\$aThe collection contains records related to Rosenblum's involvement as founding organizer with Washington State Jobs With Justice (WSJWJ), 1993-1997, along with media clips, governing documents, and meeting notes; records from Rosenblum's role as an organizer for the Union Cities Campaign, King County Labor Council, AFL-CIO, 1996-1997; records from the founding of WashTech, 1997, concerning the effort to unionize high tech workers; founding materials, meeting notes and reports from Rosenblum's directorship of Seattle Union Now, AFL-CIO, 1997-2001; documents involving the coalition of groups in the World Trade Organization protests, November 1999; material from the Florida Recount, November 2000, in which AFL-CIO staff were sent to Florida to assist with ballot recount efforts; records from the WTO Anniversary protest, November 2000; and clippings and affidavits concerning the "Pro-Israel" rally arrest and subsequent fallout in the Jewish community, 2002.
=545  0\$aJonathan Rosenblum is a political planner and labor organizer for local and regional campaigns.
=506  \\$aOpen to all users.
=540  \\$aCreator's literary rights transferred to the University of Washington Libraries.
=555  0\$aA finding aid to the papers is available in the Special Collections Division of the University of Washington Libraries and on the World Wide Web.
=856  42$uhttps://archiveswest.orbiscascade.org/ark:80444/xv11788$zConnect to the online finding aid for this collection.
=049  \\$aWAUW

