=LDR  07851cpcaa22010097a 4500
=001  53049675
=008  030918i19701995wau\\\\\\\\\\\\\\\\\eng\d
=005  20230204013757.6
=040  \\$aWAU$beng$eappm$cWAU$dWAU$dOCLCQ$dOCLCO$dOCLCA$dOCLCF$dOCLCA$dWAU$dOCLCA$dOCL$dWAU$dOCLCO$dOCLCQ
=043  \\$an-us-wa
=100  1\$aScott, Tyree,$d1940-2003.
=245  10$aTyree Scott papers,$fcirca 1970-1995.
=246  30$aPapers,$fcirca 1970-1995
=300  \\$a50.05 cubic ft. (45 boxes)
=506  \\$aAccess partially restricted. Contact the repository for details.
=545  \\$aSeattle labor and civil rights leader.
=545  0\$aTyree Scott, a Texas-born electrician who served in the Marines during the Vietnam War, settled in Seattle in 1966. Discrimination against black workers in the construction trades led him to organize peaceful demonstrations, and in 1970 he co-founded the United Construction Workers Association with support from the American Friends Service Committee. The UCWA aimed to unite minority construction workers and racially integrate the unions. An early victory came in 1970, when Judge William J. Lindberg found that racial discrimination had been practiced in local unions (United States vs. Ironworkers Local 86, et al). Scott also served on the board of the Northwest Labor and Employment Law Office (LELO), which was begun in 1973 by the UCWA, the Alaska Cannery Workers Association, and the Washington State United Farm Workers to help workers pursue legal recourse in issues of labor discrimination.
=520  2\$aContains correspondence, minutes, financial reports, manpower compliance reports, subject files, newsletters, speeches and writings, published materials, and other materials documenting the efforts of the United Construction Workers Association to integrate the building trades. Also includes case files, correspondence, minutes, and other records of the Northwest Labor and Employment Law Office, Court Order Advisory Committee, Southwestern Workers' Federation, Organizing Committee for an Ideological Center, and the American Friends Service Committee Pacific Northwest Regional Office. A group of materials representing the work of Michael Woo, who aided Asian and Alaska Native seasonal cannery workers, is included.
=544  \\$n91 photographic prints, 81 negatives, and 204 slides were transferred to the Tyree Scott Photograph Collection in the repository's graphics collections in 2002.
=600  10$aScott, Tyree,$d1940-2003$vArchives.
=610  20$aUnited Construction Workers Association.
=610  20$aNorthwest Labor and Employment Law Office.
=600  10$aSims, Beverly E.
=610  20$aCourt Order Advisory Committee.
=610  20$aSouthwest Workers Federation.
=610  20$aOrganizing Committee for an Ideological Center.
=610  20$aAmerican Friends Service Committee.$bPacific Northwest Regional Office.
=610  20$aAmerican Friends Service Committee.
=610  10$aSeattle (Wash.).$bDepartment of Human Resources.
=600  10$aLindberg, William J.$q(William James),$d1904-1981.
=600  10$aWoo, Michael D.
=650  \0$aAfrican American civil rights workers$zWashington (State)$zSeattle$vArchives.
=650  \0$aAfrican American political activists$zWashington (State)$zSeattle$vArchives.
=650  \0$aCivil rights workers$zWashington (State)
=650  \0$aCivil rights$zUnited States$xSocieties, etc.
=650  \0$aAffirmative action programs$zWashington (State)
=650  \0$aAfrican American construction workers$xEmployment$zWashington (State)$zSeattle.
=650  \0$aAfrican Americans$xCivil rights$zWashington (State)$zSeattle.
=650  \0$aMinorities$xEmployment$zWest (U.S.)
=650  \0$aDiscrimination in employment$zWashington (State)$zSeattle.
=650  \0$aLabor unions$zWashington (State)$zSeattle.
=650  \0$aLabor unions$zWest (U.S.)
=650  \0$aConstruction workers$xLabor unions$zWashington (State)$zSeattle.
=650  \0$aCannery workers$xLabor unions$zAlaska.
=650  \0$aLabor unions and communism$zUnited States.
=651  \0$aSeattle (Wash.)$xRace relations$vSources.
=651  \0$aSeattle (Wash.)$xPolitics and government$y20th century$vSources.
=650  \6$aDéfenseurs des droits de l'homme noirs américains$0(CaQQLa)201-0235813$zWashington (État)$0(CaQQLa)201-0394837$zSeattle$0(CaQQLa)201-0394837$vArchives.$0(CaQQLa)201-0378256
=650  \6$aActivistes noirs américains$0(CaQQLa)201-0314090$zWashington (État)$0(CaQQLa)201-0394837$zSeattle$0(CaQQLa)201-0394837$vArchives.$0(CaQQLa)201-0378256
=650  \6$aDéfenseurs des droits de l'homme$0(CaQQLa)201-0071411$zWashington (État)$0(CaQQLa)201-0395184
=650  \6$aDroits de l'homme$0(CaQQLa)201-0243570$zÉtats-Unis$0(CaQQLa)201-0243570$xAssociations.$0(CaQQLa)201-0380049
=650  \6$aProgrammes d'action positive$0(CaQQLa)201-0066779$zWashington (État)$0(CaQQLa)201-0395184
=650  \6$aOuvriers de la construction noirs américains$0(CaQQLa)000272408$xTravail$0(CaQQLa)201-0380406$zWashington (État)$0(CaQQLa)201-0394837$zSeattle.$0(CaQQLa)201-0394837
=650  \6$aNoirs américains$0(CaQQLa)201-0024392$xDroits$0(CaQQLa)201-0024392$zWashington (État)$0(CaQQLa)201-0394837$zSeattle.$0(CaQQLa)201-0394837
=650  \6$aDiscrimination dans l'emploi$0(CaQQLa)201-0062002$zWashington (État)$0(CaQQLa)201-0394837$zSeattle.$0(CaQQLa)201-0394837
=650  \6$aSyndicats$0(CaQQLa)201-0007001$zWashington (État)$0(CaQQLa)201-0394837$zSeattle.$0(CaQQLa)201-0394837
=650  \6$aOuvriers de la construction$0(CaQQLa)201-0091173$xSyndicats$0(CaQQLa)201-0091173$zWashington (État)$0(CaQQLa)201-0394837$zSeattle.$0(CaQQLa)201-0394837
=650  \6$aConserveries$0(CaQQLa)201-0185657$xPersonnel$0(CaQQLa)201-0185657$xSyndicats$0(CaQQLa)201-0185657$zAlaska.$0(CaQQLa)201-0460551
=650  \6$aSyndicats et communisme$0(CaQQLa)201-0053853$zÉtats-Unis.$0(CaQQLa)201-0407727
=610  27$aAmerican Friends Service Committee.$2fast$0(OCoLC)fst00533903
=610  27$aAmerican Friends Service Committee.$bPacific Northwest Regional Office.$2fast$0(OCoLC)fst00725988
=610  27$aOrganizing Committee for an Ideological Center.$2fast$0(OCoLC)fst01789042
=610  17$aSeattle (Wash.).$bDepartment of Human Resources.$2fast$0(OCoLC)fst01846597
=650  \7$aAffirmative action programs.$2fast$0(OCoLC)fst00798899
=650  \7$aAfrican American civil rights workers.$2fast$0(OCoLC)fst00799093
=650  \7$aAfrican American political activists.$2fast$0(OCoLC)fst00799307
=650  \7$aAfrican Americans$xCivil rights.$2fast$0(OCoLC)fst00799575
=650  \7$aCannery workers$xLabor unions.$2fast$0(OCoLC)fst00845848
=650  \7$aCivil rights$xSocieties, etc.$2fast$0(OCoLC)fst00862680
=650  \7$aCivil rights workers.$2fast$0(OCoLC)fst00862721
=650  \7$aConstruction workers$xLabor unions.$2fast$0(OCoLC)fst00876161
=650  \7$aDiscrimination in employment.$2fast$0(OCoLC)fst00895050
=650  \7$aLabor unions.$2fast$0(OCoLC)fst00990260
=650  \7$aLabor unions and communism.$2fast$0(OCoLC)fst00990319
=650  \7$aMinorities$xEmployment.$2fast$0(OCoLC)fst01023148
=650  \7$aPolitics and government.$2fast$0(OCoLC)fst01919741
=650  \7$aRace relations.$2fast$0(OCoLC)fst01086509
=651  \7$aAlaska.$2fast$0(OCoLC)fst01204480
=651  \7$aUnited States.$2fast$0(OCoLC)fst01204155
=651  \7$aWest United States.$2fast$0(OCoLC)fst01243255
=651  \7$aWashington (State)$2fast$0(OCoLC)fst01204703
=651  \7$aWashington (State)$zSeattle.$2fast$0(OCoLC)fst01204940
=648  \7$a1900-1999$2fast
=655  \7$aArchives.$2fast$0(OCoLC)fst01423700
=655  \7$aSources.$2fast$0(OCoLC)fst01423900
=856  42$uhttp://archiveswest.orbiscascade.org/ark:/80444/xv00358$zConnect to the online finding aid for this collection
=049  \\$aWAUW

