=LDR  01961cpcaa22002053  4500
=001  694526805
=008  101229i20012006xx\\\\\\\\\\\\\\\\\\eng\d
=005  20160714135033.9
=040  \\$aWAU$beng$cWAU$dWAU
=110  2\$aSeattle Civil Rights and Labor History Project.
=245  10$aSeattle Civil Rights and Labor History Project records,$f2001-2006
=300  \\$a90 sound recordings (digital)
=520  2\$a90 DVD listening copies, in 75 cases, of oral history interviews done by UW Professor of History, James N. Gregory, graduate student Trevor Griffey, and others, as part of the Seattle Civil Rights and Labor History Project, between 2001 and 2006.
=545  1\$aThe Seattle Civil Rights and Labor History Project, based at the University of Washington under the direction of Professor James Gregory, is a multi-media website dedicated to documenting the Pacific Northwest's multiracial labor and civil rights history. It offers over 1000 primary documents and photographs, over 70 video oral histories, original research essays produced by undergraduate and graduate students, short films, slideshows, historical overviews and bibliographic guides. The project is a rich web-based resource designed to provide teachers, students, community members and researchers with information about Washington's past.
=506  \\$aOpen to all users
=540  \\$aCreator's rights retained. Contact Special Collections for details
=540  \\$aUntil January 1, 2025:  No copying permitted for any purpose except with permission of Professor James N. Gregory or the Chair of the Harry Bridges Center for Labor Studies
=555  0\$aA finding aid to the papers is available in the Special Collections Division of the University of Washington Libraries and on the World Wide Web.
=856  42$uhttp://www.lib.washington.edu/specialcoll/findaids/docs/papersrecords/SeattleCivilRightsandLaborHistoryProject5571.xml$zConnect to the online finding aid for this collection.
=049  \\$aWAUW

