=LDR  01063cpcaa22002173  4500
=001  725545485
=008  110518i19861989xx\\\\\\\\\\\\\\\\\\eng\d
=005  20230628203922.2
=040  \\$aWAU$beng$cWAU$dWAU$dOCLCQ$dWAU
=110  2\$aSeattle Worker Center.
=245  10$aSeattle Worker Center records$f1986-1989.
=300  \\$a6 cubic ft. (6 boxes)
=520  2\$aCorrespondence, case files, and historical files relating to the Lockheed Lockout and other Seattle shipyard labor issues; 1986-1989.
=506  \\$aOpen to all users.
=540  \\$aOrganization's literary rights transferred to the UW Libraries.
=500  \\$aProcessing levels vary. Contact the repository for details.
=555  0\$aA finding aid to the papers is available in the Special Collections Division of the University of Washington Libraries and on the World Wide Web.
=740  0\$aAcc5570-001.
=856  42$zConnect to the online finding aid for this collection
=856  42$uhttps://archiveswest.orbiscascade.org/ark:80444/xv13766$zConnect to the online finding aid for this collection.
=049  \\$aWAUW

