=LDR  07585cpcaa22010813i 4500
=001  123954417
=008  070503i19921999xx\\\\\\\\\\\\\\\\\\eng\d
=005  20220531112109.7
=040  \\$aWAU$beng$edacs$erda$cWAU$dWAU$dOCLCQ$dWAU$dOCLCO$dOCLCF$dOCLCO
=041  0\$heng
=043  \\$an-us-wa$an-us---
=046  \\$o1992$p1999$2edtf
=100  1\$aSimer, Jeremy O.,$ecreator,$ecollector.
=245  10$aJeremy Simer papers
=264  \0$c1992-1999
=300  \\$aapproximately 0.95 cubic ft$a(2 boxes, 1 expanding file, 1 vertical file)
=336  \\$atext$btxt$2rdacontent
=337  \\$aunmediated$bn$2rdamedia
=338  \\$asheet$bnb$2rdacarrier
=351  \\$aArranged into 2 accessions: Accession no. 5142-001, Jeremy Simer papers, 1992-1999 (bulk: 1997-1998); Accession no. 5142-002, Jeremy Simer papers, 1997-1998.
=545  0\$aJeremy O. Simer studied Spanish at the University of Washington, Catalan at the Escola Oficial d'Idiomes de Barcelona, political economy at El Colegio de México and received his MA in Latin American & Iberian Studies from UC Santa Barbara in 2010. After graduation from the UW he worked to organize against the November 1999 World Trade Organization meeting in Seattle. He was associated with People for Fair Trade/Network Opposed to WTO and the Community Alliance for Global Justice. He became a strategic researcher for SEIU Local 49, and lives in Portland with his family.
=520  2\$aCorrespondence primarily in the form of e-mail, agenda, minutes, writings, newsletters, notes, organizing documents, proposals, lists, clippings, and other related materials. Papers document Jeremy Simer's participation and leadership in a number of University of Washington activist organizations, including: the Student Action Network and its newsletter, "Ruckus"; the Student Labor Action Coalition; University Zapatista Liberation Network; Coalition for Domestic Partnership Equality; and Student Organization University Resources Coalition (SOURCE).  Also ephemera and other organizing material of the United Farm Workers of America for its campaigns for berry, orchard, and vineyard workers in Califoria and Washington State, 1997-1998.
=506  \\$aAccess may be restricted. Contact Special Collections for details.
=540  \\$aSome restrictions exist on duplication, quotation, or publication. Contact the repository for details.
=541  \\$cDonated by:$aJeremy Simer,$dJanuary 20, 1999
=600  10$aSimer, Jeremy O.$vArchives.
=610  20$aUniversity of Washington$xStudents$xPolitical activity$xHistory$vSources.
=650  \0$aCollege students$xPolitical activity$zWashington (State)$zSeattle$xHistory$vSources.
=610  20$aUniversity of Washington$xSocieties, etc.$xHistory$vSources.
=650  \0$aCollege students$zWashington (State)$zSeattle$xSocieties, etc.$xHistory$vSources.
=650  \0$aStudent movements$zWashington (State)$xHistory$vSources.
=610  20$aUnited Farm Workers of America$xHistory$vSources.
=650  \0$aAgricultural laborers$xLabor unions$zUnited States$xHistory$vSources.
=650  \0$aLabor$zWashington (State)$xHistory$vSources.
=650  \0$aLabor unions$zWashington (State)$xHistory$vSources.
=650  \0$aLabor movement$zWashington (State)$xHistory$vSources.
=650  \6$aÉtudiants$0(CaQQLa)201-0046875$xActivité politique$0(CaQQLa)201-0046875$zWashington (État)$0(CaQQLa)201-0394837$zSeattle$0(CaQQLa)201-0394837$xHistoire$0(CaQQLa)201-0382350$vSources.$0(CaQQLa)201-0382350
=650  \6$aÉtudiants$0(CaQQLa)201-0040303$zWashington (État)$0(CaQQLa)201-0394837$zSeattle$0(CaQQLa)201-0394837$xAssociations$0(CaQQLa)201-0040303$xHistoire$0(CaQQLa)201-0382350$vSources.$0(CaQQLa)201-0382350
=650  \6$aMouvements étudiants$0(CaQQLa)201-0017101$zWashington (État)$0(CaQQLa)201-0395184$xHistoire$0(CaQQLa)201-0382350$vSources.$0(CaQQLa)201-0382350
=650  \6$aTravailleurs agricoles$0(CaQQLa)201-0053847$xSyndicats$0(CaQQLa)201-0053847$zÉtats-Unis$0(CaQQLa)201-0407727$xHistoire$0(CaQQLa)201-0382350$vSources.$0(CaQQLa)201-0382350
=650  \6$aTravail$0(CaQQLa)201-0093408$zWashington (État)$0(CaQQLa)201-0395184$xHistoire$0(CaQQLa)201-0382350$vSources.$0(CaQQLa)201-0382350
=650  \6$aSyndicats$0(CaQQLa)201-0007001$zWashington (État)$0(CaQQLa)201-0395184$xHistoire$0(CaQQLa)201-0382350$vSources.$0(CaQQLa)201-0382350
=650  \6$aMouvement ouvrier$0(CaQQLa)201-0078721$zWashington (État)$0(CaQQLa)201-0395184$xHistoire$0(CaQQLa)201-0382350$vSources.$0(CaQQLa)201-0382350
=610  27$aUnited Farm Workers of America.$2fast$0(OCoLC)fst00664532
=610  27$aUniversity of Washington.$2fast$0(OCoLC)fst00532763
=650  \7$aAgricultural laborers$xLabor unions.$2fast$0(OCoLC)fst00800972
=650  \7$aCollege students$xPolitical activity.$2fast$0(OCoLC)fst00868026
=650  \7$aCollege students$xSocieties, etc.$2fast$0(OCoLC)fst00868056
=650  \7$aLabor.$2fast$0(OCoLC)fst00989798
=650  \7$aLabor movement.$2fast$0(OCoLC)fst00990079
=650  \7$aLabor unions.$2fast$0(OCoLC)fst00990260
=650  \7$aSocieties.$2fast$0(OCoLC)fst01123785
=650  \7$aStudent movements.$2fast$0(OCoLC)fst01135954
=650  \7$aStudents$xPolitical activity.$2fast$0(OCoLC)fst01136098
=651  \7$aUnited States.$2fast$0(OCoLC)fst01204155
=651  \7$aWashington (State)$2fast$0(OCoLC)fst01204703
=651  \7$aWashington (State)$zSeattle.$2fast$0(OCoLC)fst01204940
=655  \7$anewspaper clippings.$2aat$0(CStmoGRI)aatgf300429554
=655  \7$aelectronic mail.$2aat$0(CStmoGRI)aatgf300149026
=655  \7$aletters (correspondence)$2aat$0(CStmoGRI)aatgf300026879
=655  \7$apersonal correspondence.$2aat$0(CStmoGRI)aatgf300048730
=655  \7$arecords (documents)$2aat$0(CStmoGRI)aatgf300026685
=655  \7$abusiness records.$2aat$0(CStmoGRI)aatgf300141693
=655  \7$afacsimiles (reproductions)$2aat$0(CStmoGRI)aatgf300121391
=655  \7$aminutes (administrative records)$2aat$0(CStmoGRI)aatgf300027440
=655  \7$aminute books.$2aat$0(CStmoGRI)aatgf300135375
=655  \7$aprinted ephemera.$2aat$0(CStmoGRI)aatgf300264821
=655  \7$anewsletters.$2aat$0(CStmoGRI)aatgf300026652
=655  \7$anews bulletins.$2aat$0(CStmoGRI)aatgf300026435
=655  \7$aArchives.$2fast$0(OCoLC)fst01423700
=655  \7$aEphemera.$2fast$0(OCoLC)fst01919921
=655  \7$aFacsimiles.$2fast$0(OCoLC)fst01411642
=655  \7$aHistory.$2fast$0(OCoLC)fst01411628
=655  \7$aMinutes (Records)$2fast$0(OCoLC)fst01919940
=655  \7$aNewsletters.$2fast$0(OCoLC)fst01919943
=655  \7$aPersonal correspondence.$2fast$0(OCoLC)fst01919948
=655  \7$aRecords (Documents)$2fast$0(OCoLC)fst01919961
=655  \7$aSources.$2fast$0(OCoLC)fst01423900
=655  \7$aPersonal correspondence.$2lcgft
=655  \7$aRecords (Documents)$2lcgft
=655  \7$aFacsimiles.$2lcgft
=655  \7$aMinutes (Records)$2lcgft
=655  \7$aEphemera.$2lcgft
=655  \7$aNewsletters.$2lcgft
=655  \7$aCorrespondance privée.$2rvmgf$0(CaQQLa)RVMGF-000001056
=655  \7$aDocuments administratifs.$2rvmgf$0(CaQQLa)RVMGF-000001054
=655  \7$aFac-similés.$2rvmgf$0(CaQQLa)RVMGF-000000444
=655  \7$aProcès-verbaux.$2rvmgf$0(CaQQLa)RVMGF-000001222
=655  \7$aDocuments éphémères.$2rvmgf$0(CaQQLa)RVMGF-000001046
=655  \7$aLettres d'informations.$2rvmgf$0(CaQQLa)RVMGF-000001104
=710  2\$aLabor Archives of Washington,$ecurator.
=856  42$uhttp://archiveswest.orbiscascade.org/ark:/80444/xv71514$zConnect to the finding aid for this collection
=049  \\$aWAUW

