=LDR  02095npcaa22002413i 4500
=001  1124769740
=008  191022i19702010xx\\\\\\\\\\\\\\\\\\eng\d
=005  20191022173652.2
=040  \\$aWAU$beng$erda$edacs$cWAU
=100  1\$aSmith, James M.,$d1949-$ecreator.
=245  10$aJames M. Smith audio recordings and papers.
=264  \0$capproximately 1970-2010.
=300  \\$a2.49 cubic feet (5 boxes)
=336  \\$atext$btxt$2rdacontent
=337  \\$aunmediated$bn$2rdamedia
=338  \\$asheet$bnb$2rdacarrier
=545  0\$aJames M. "Jim" Smith was born on March 21, 1949 in Oakland, California. He moved with his family to Washington state as teenager and graduated from Cascade High School in 1967. After high school, he served two tours of duty in Vietnam in the Navy. He then spent forty years working through the Laborers' International Union of North America (LIUNA), Local 292 in Everett, Washington. He served as President of his Local as well as other offices. Smith was also a delegate to the Snohomish Central Labor Council. From the mid-1990s to 2017, Smith produced "Radio Labor Journal" for KSER 90.7 FM (Everett, Washington). The weekly program was one of only two radio shows in the Western US dedicated solely to working family issues. Source: http://www.legacy.com/obituaries/heraldnet/obituary.aspx?n=james-m-smith&pid=186490576
=520  2\$aPapers, sound reels, and sound cassettes of Jim Smith. Smith was a member of the Laborers' International Union Local 292 and the host a weekly labor radio program "Radio Labor Journal" on KSER FM (Everett, Washington).
=506  \\$aAccess restricted. For terms of access, contact Special Collections. Sound reels and cassettes are closed until evaluated/processed.
=540  \\$aStatus of creator's copyrights is unknown; restrictions may exist on copying, quotation, or publication. Users are responsible for researching copyright status before use.
=546  \\$aCollection materials are in English.
=856  42$uhttp://archiveswest.orbiscascade.org/ark:/80444/xv881316$zConnect to the online finding aid for this collection
=049  \\$aWAUW

