=LDR  01479npcaa22002533i 4500
=001  1241092005
=008  210310i19992003xx\\\\\\\\\\\\\\\\\\eng\d
=005  20210310114429.3
=040  \\$aWAU$beng$erda$edacs$cWAU
=100  1\$aStone, Jen,$ecreator.
=245  10$aJen Stone WTO Seattle Protests collection.
=264  \0$c1999-2003.
=300  \\$a1.59 cubic feet$a(2 boxes plus 1 oversize folder)
=336  \\$atext$btxt$2rdacontent
=337  \\$aunmediated$bn$2rdamedia
=338  \\$asheet$bnb$2rdacarrier
=520  2\$aMaterials include assorted mini-DV tapes and VHS tapes of footage from the protests, including interviews conducted by the donor, as well as other recordings from IndyMedia and others. Collection also contains an oversized poster, local newspaper publications from 1999 and 2000 about protest, and files with correspondence between donor and others, newsletters, reports, and flyers.
=506  \\$aNo restrictions on access.
=540  \\$aRestrictions may exist on copying, quotation, or publication. Contact University of Washington Libraries Special Collections for details.
=541  \\$aDonated by Jen Stone (Dormeier) in 2017.
=546  \\$aCollection materials are in English.
=544  1\$nThe Repository also holds a large collection of WTO Seattle material in the WTO Seattle Collection (Manuscript Collection 5177).
=856  42$uhttp://archiveswest.orbiscascade.org/ark:/80444/xv401000$zConnect to the online finding aid for this collection
=049  \\$aWAUW

