=LDR  09261cpcaa2201453 i 4500
=001  961833404
=008  161101i19692018wau\\\\\\\\\\\\\\\\\eng\d
=005  20230318075009.1
=040  \\$aWAU$beng$erda$edacs$cWAU$dWAU$dOCLCO$dOCLCF$dOCLCO$dWAU$dOCLCO$dOCL
=041  0\$heng
=043  \\$an-us-wa
=046  \\$o1969$p2018$2edtf
=100  1\$aTemcov, Joanne L.$q(Joanne Little),$ecreator.
=245  10$aJoanne L. Temcov papers.
=264  \0$c1969-2018, bulk 1969-1990
=300  \\$a2.75 cubic feet$a(4 boxes)
=336  \\$atext$btxt$2rdacontent
=336  \\$astill image$btdi$2rdacontent
=337  \\$aunmediated$bn$2rdamedia
=338  \\$asheet$bnb$2rdacarrier
=338  \\$aobject$bnr$2rdacarrier
=351  \\$aThis collection is organized into three series: series 1: Labor union activities files, 1969-1990, 2018; series 2: Women's rights subject files, 1970-1998; series 3: Pacific Northwest labor history association files, 1970-2015.
=386  \\$aWashingtonians (Washington State)$2lcdgt
=545  0\$aJoanne Little Temcov (1926-) is a labor organizer and women's rights advocate. She was born in Montesano, Washington and studied drama at the University of Washington. She married John Temcov, a Bulgarian immigrant who'd come to the US at age 21; lived in West Seattle, Shoreline and Issaquah. In 1994 John and Joanne established the Temcov Foundation, to fund local environmentalists; it is run by their son Michael. In the 1960s and 1970s she worked in various roles: interviewer, Washington State Employment Security Department; Secretary and then President, American Federation of State, County and Municipal Employees (AFSCME) Local 435; Executive Board member, Washington Federation of State Employees (WFSE); and Industrial Relations Agent, Washington State Department of Labor and Industries. In the 1970s and 1980s Temcov was an active member of the National Organization for Women (NOW), the Coalition of Labor Union Women (CLUW), and the Women's Political Caucus. She also served as the secretary of the Pacific Northwest Labor History Association (PNHLA).
=520  2\$aMaterials are related to Temcov's labor union activities and women's rights advocacy work, including correspondence, reports, resolutions, meeting minutes, press releases, memos, agendas, convention proceedings, newsletters, speeches, essays, photographs, pamphlets, booklets, brochures, fliers, programs, biographical narratives, notes, and newspaper articles. Also included are materials relating to the early years of the Coalition of Labor Union Women (CLUW); the activities of the Seattle-King County and Snohomish County chapters of the National Organization for Women (NOW); and the national, Washington State, King County, and Snohomish County Women's Political Caucus.
=500  \\$aForms part of the Labor Archives of Washington.
=506  \\$aOpen to all users, but some materials in this collection exist in a format that is inaccessible to researchers. Production of use copies is required before access will be granted; this may delay research requests. Advanced notice is required.
=540  \\$aCreator's copyrights transferred to the University of Washington Libraries.
=541  \\$cDonated by:$aJoanne Temcov,$dOctober 25, 2016, January 25, 2018, July 5, 2018 and October 7, 2018.
=600  10$aTemcov, Joanne L.$q(Joanne Little)$vArchives.
=650  \0$aLabor leaders$zWashington (State)$vArchives.
=610  20$aAFSCME$xHistory$vSources.
=610  20$aWashington Federation of State Employees$xHistory$vSources.
=610  20$aCoalition of Labor Union Women (U.S.).$bPuget Sound Chapter$xHistory$vSources.
=610  20$aAFL-CIO.$bWashington State Labor Council$xHistory$vSources.
=610  20$aPacific Northwest Labor History Association$xHistory$vSources.
=650  \0$aLabor$zWashington (State)$xHistory$vSources.
=650  \0$aLabor unions$zWashington (State)$xHistory$vSources.
=650  \0$aLabor movement$zWashington (State)$xHistory$vSources.
=650  \6$aDirigeants syndicaux$0(CaQQLa)201-0202520$zWashington (État)$0(CaQQLa)201-0395184$vArchives.$0(CaQQLa)201-0378256
=650  \6$aTravail$0(CaQQLa)201-0093408$zWashington (État)$0(CaQQLa)201-0395184$xHistoire$0(CaQQLa)201-0382350$vSources.$0(CaQQLa)201-0382350
=650  \6$aSyndicats$0(CaQQLa)201-0007001$zWashington (État)$0(CaQQLa)201-0395184$xHistoire$0(CaQQLa)201-0382350$vSources.$0(CaQQLa)201-0382350
=650  \6$aMouvement ouvrier$0(CaQQLa)201-0078721$zWashington (État)$0(CaQQLa)201-0395184$xHistoire$0(CaQQLa)201-0382350$vSources.$0(CaQQLa)201-0382350
=600  17$aTemcov, Joanne L.$q(Joanne Little)$2fast$0(OCoLC)fst00440334
=610  27$aAFL-CIO.$bWashington State Labor Council.$2fast$0(OCoLC)fst00602885
=610  27$aAFSCME.$2fast$0(OCoLC)fst00557065
=610  27$aPacific Northwest Labor History Association.$2fast$0(OCoLC)fst00695401
=610  27$aWashington Federation of State Employees.$2fast$0(OCoLC)fst00632324
=650  \7$aLabor.$2fast$0(OCoLC)fst00989798
=650  \7$aLabor leaders.$2fast$0(OCoLC)fst00990029
=650  \7$aLabor movement.$2fast$0(OCoLC)fst00990079
=650  \7$aLabor unions.$2fast$0(OCoLC)fst00990260
=651  \7$aWashington (State)$2fast$0(OCoLC)fst01204703
=655  \7$aNewsletters.$2fast$0(OCoLC)fst01919943
=655  \7$aConstitutions.$2fast$0(OCoLC)fst01774254
=655  \7$aBy-laws.$2fast$0(OCoLC)fst01423762
=655  \2$aLetter$0(DNLM)D016422
=655  \2$aPeriodical$0(DNLM)D020492
=655  \2$aEphemera$0(DNLM)D019502
=655  \2$aInterview$0(DNLM)D017203
=655  \2$aAddress$0(DNLM)D019484
=655  \2$aPhotograph$0(DNLM)D059036
=655  \7$aresearch notes.$2aat$0(CStmoGRI)aatgf300265639
=655  \7$amembership lists.$2aat$0(CStmoGRI)aatgf300027141
=655  \7$abylaws (administrative records)$2aat$0(CStmoGRI)aatgf300027433
=655  \7$aconstitutions.$2aat$0(CStmoGRI)aatgf300027437
=655  \7$anewspaper clippings.$2aat$0(CStmoGRI)aatgf300429554
=655  \7$aarticles.$2aat$0(CStmoGRI)aatgf300048715
=655  \7$afiles (document groupings)$2aat$0(CStmoGRI)aatgf300026942
=655  \7$afinancial records.$2aat$0(CStmoGRI)aatgf300027473
=655  \7$anewsletters.$2aat$0(CStmoGRI)aatgf300026652
=655  \7$alists (document genres)$2aat$0(CStmoGRI)aatgf300027119
=655  \7$abusiness records.$2aat$0(CStmoGRI)aatgf300141693
=655  \7$abrochures.$2aat$0(CStmoGRI)aatgf300248280
=655  \7$acommercial correspondence.$2aat$0(CStmoGRI)aatgf300026914
=655  \7$aperiodicals.$2aat$0(CStmoGRI)aatgf300026657
=655  \7$aprinted ephemera.$2aat$0(CStmoGRI)aatgf300264821
=655  \7$ainterviews.$2aat$0(CStmoGRI)aatgf300026392
=655  \7$aspeeches (documents)$2aat$0(CStmoGRI)aatgf300026671
=655  \7$aphotographs.$2aat$0(CStmoGRI)aatgf300046300
=655  \7$acollective labor agreements.$2aat$0(CStmoGRI)aatgf300027630
=655  \7$aArchives.$2fast$0(OCoLC)fst01423700
=655  \7$aBusiness correspondence.$2fast$0(OCoLC)fst01919897
=655  \7$aCollective labor agreements.$2fast$0(OCoLC)fst01774247
=655  \7$aEphemera.$2fast$0(OCoLC)fst01919921
=655  \7$aHistory.$2fast$0(OCoLC)fst01411628
=655  \7$aInterviews.$2fast$0(OCoLC)fst01423832
=655  \7$aMinutes (Records)$2fast$0(OCoLC)fst01919940
=655  \7$aNotated music.$2fast$0(OCoLC)fst01920428
=655  \7$aPeriodicals.$2fast$0(OCoLC)fst01411641
=655  \7$aPhotographs.$2fast$0(OCoLC)fst01423689
=655  \7$aRecords (Documents)$2fast$0(OCoLC)fst01919961
=655  \7$aSources.$2fast$0(OCoLC)fst01423900
=655  \7$aSpeeches.$2fast$0(OCoLC)fst01774286
=655  \7$aBusiness correspondence.$2lcgft
=655  \7$aRecords (Documents)$2lcgft
=655  \7$aPeriodicals.$2lcgft
=655  \7$aMinutes (Records)$2lcgft
=655  \7$aEphemera.$2lcgft
=655  \7$aInterviews.$2lcgft
=655  \7$aSpeeches.$2lcgft
=655  \7$aPhotographs.$2lcgft
=655  \7$aCollective labor agreements.$2lcgft
=655  \7$aNotated music.$2lcgft
=655  \7$aBy-laws.$2lcgft
=655  \7$aConstitutions.$2lcgft
=655  \7$aNewsletters.$2lcgft
=655  \7$aRegistres des membres.$2rvmgf$0(CaQQLa)RVMGF-000001718
=655  \7$aStatuts.$2rvmgf$0(CaQQLa)RVMGF-000001472
=655  \7$aConstitutions.$2rvmgf$0(CaQQLa)RVMGF-000001434
=655  \7$aLettres d'informations.$2rvmgf$0(CaQQLa)RVMGF-000001104
=655  \7$aDocuments administratifs.$2rvmgf$0(CaQQLa)RVMGF-000001054
=655  \7$aCorrespondance commerciale.$2rvmgf$0(CaQQLa)RVMGF-000001162
=655  \7$aPériodiques.$2rvmgf$0(CaQQLa)RVMGF-000001105
=655  \7$aProcès-verbaux.$2rvmgf$0(CaQQLa)RVMGF-000001222
=655  \7$aDocuments éphémères.$2rvmgf$0(CaQQLa)RVMGF-000001046
=655  \7$aInterviews.$2rvmgf$0(CaQQLa)RVMGF-000000446
=655  \7$aDiscours.$2rvmgf$0(CaQQLa)RVMGF-000001617
=655  \7$aPhotographies.$2rvmgf$0(CaQQLa)RVMGF-000001676
=655  \7$aConventions collectives.$2rvmgf$0(CaQQLa)RVMGF-000001475
=655  \7$aMusique notée.$2rvmgf$0(CaQQLa)RVMGF-000000699
=710  2\$aLabor Archives of Washington,$ecurator.
=856  42$uhttp://archiveswest.orbiscascade.org/ark:/80444/xv550322$zConnect to the finding aid for this collection
=049  \\$aWAUW

