=LDR  03913cpcaa2200649 i 4500
=001  1313809194
=008  220503i20112021wau\\\\\\\\\\\\\\\\\eng\d
=005  20230502140935.6
=040  \\$aWAU$beng$erda$edacs$cWAU$dWAU$dOCLCF$dWAU
=041  0\$aeng
=043  \\$an-us-wa
=046  \\$o2013$p2019$2edtf
=110  2\$aTemporary Workers of America,$ecreator.
=245  10$aTemporary Workers of America records.
=264  \0$c2011-2021.
=300  \\$a1.28 cubic feet (1 box)
=336  \\$atext$btxt$2rdacontent
=337  \\$aunmediated$bn$2rdamedia
=338  \\$asheet$bnb$2rdacarrier
=386  \\$aWashingtonians (Washington State)$2lcdgt
=500  \\$aForms a part of the Labor Archives of Washington.
=545  1\$aTemporary Workers of America (TWA) was officially incorporated in 2014 with 38 members, winning an NLRB election and the right to bargain. It was the first known independent union created entirely by temporary workers. Founded by eventual TWA president Philippe Boucher and a small group of fellow permatemps working to test foreign language apps. They were employees of Lionbridge, a company sub-contracted by Microsoft. The union was formed to demand basic paid time off and argued for joint employment from Microsoft and its contractor, Lionbridge. Microsoft eventually outsourced the work and closed the Washington State Lionbridge office. The Union dissolved after the office closed in 2019.
=520  2\$aCollection of records from Temporary Workers of America (TWA) Includes articles of incorporation, financial records, membership records, records of votes, correspondence, clippings, and materials from the TWA's National Labor Relations Board case, 2013 to 2018.
=506  \\$aOpen to all users, but access to portions of the collection is restricted. Contact Special Collections for details.
=540  \\$aCreator's copyrights transferred to the University of Washington Libraries Special Collections; however, restrictions may exist on copying, quotation, or publication. Users must agree in writing to preserve the anonymity of persons represented in the records. Contact University of Washington Libraries Special Collections for details.
=541  \\$cDonated by:$aTWA president Philippe Boucher.
=546  \\$aCollection materials are in English.
=610  20$aTemporary Workers of America,$vArchives.
=610  20$aNational Labor Relations Bureau (U.S.)
=650  \0$aTemporary employees$xLabor unions$zWashington (State)
=650  \0$aIndustrial relations$zUnited States.
=650  \0$aLabor$zWashington (State)
=650  \0$aLabor unions$zWashington (State)
=650  \0$aLabor movement$zWashington (State)
=610  27$aNational Labor Relations Bureau (U.S.)$2fast$0(OCoLC)fst00583464
=650  \7$aIndustrial relations.$2fast$0(OCoLC)fst00971609
=650  \7$aLabor.$2fast$0(OCoLC)fst00989798
=650  \7$aLabor movement.$2fast$0(OCoLC)fst00990079
=650  \7$aLabor unions.$2fast$0(OCoLC)fst00990260
=651  \7$aUnited States.$2fast$0(OCoLC)fst01204155
=651  \7$aWashington (State)$2fast$0(OCoLC)fst01204703
=655  \7$aLegal documents.$2aat
=655  \7$aMembership lists.$2aat
=655  \7$aNewspaper clippings.$2aat
=655  \7$aFinancial records.$2aat
=655  \7$aArchives.$2fast$0(OCoLC)fst01423700
=655  \7$aBusiness correspondence.$2fast$0(OCoLC)fst01919897
=655  \7$aCollective labor agreements.$2fast$0(OCoLC)fst01774247
=655  \7$aContracts.$2fast$0(OCoLC)fst01774255
=655  \7$aRecords (Documents)$2fast$0(OCoLC)fst01919961
=655  \7$aBusiness correspondence.$2lcgft
=655  \7$aRecords (Documents)$2lcgft
=655  \7$aCollective labor agreements.$2lcgft
=655  \7$aContracts.$2lcgft
=710  2\$aLabor Archives of Washington,$ecurator.
=856  42$uhttp://archiveswest.orbiscascade.org/ark:/80444/xv882549$zConnect to the finding aid for this collection
=049  \\$aWAUW

