=LDR  01211cpcaa22001933  4500
=001  775699264
=008  120209i19982004xx\\\\\\\\\\\\\\\\\\eng\d
=005  20170303025738.6
=040  \\$aWAU$beng$cWAU$dWAU$dOCLCQ
=110  2\$aUnited Faculty of Central.
=245  10$aUnited Faculty of Central records,$f1998-2004.
=300  \\$a1 cubic ft. (1 box)
=520  2\$aCollection of records related to the founding of the United Faculty of Central, the collective bargaining agent of the faculty of Central Washington University.
=545  1\$aThe United Faculty of Central (UFC) is a bargaining agent for faculty of Central Washington University. The union, founded in 1998, was among the first wave of university-level organizing in Washington state. Faculty members organized for higher wages, a faculty voice in campus affairs, and a presence in Olympia during legislative funding debates.
=506  \\$aOpen to all users.
=540  \\$aCreator's literary rights transferred to the University of Washington Libraries.
=740  0\$aAcc5684-001.
=856  42$uhttp://www.lib.washington.edu/specialcoll/findaids/docs/papersrecords/UnitedFacultyofCentral5684.xml$zConnect to the online finding aid for this collection
=049  \\$aWAUW

