=LDR  00921cpcaa22001937a 4500
=001  123953062
=008  070503i19681976xx\\\\\\\\\\\\\\\\\\eng\d
=005  20220505043632.5
=040  \\$aWAU$beng$cWAU$dWAU$dOCLCO$dOCLCQ$dOCLCO
=110  2\$aUnited Farm Workers.
=245  10$aUnited Farm Workers records,$f1968-1976.
=300  \\$aapproximately .02 cubic ft.
=520  2\$aMailings, newsletters, clippings, ephemera.
=506  \\$aAccess may be restricted. Contact Special Collections for details.
=540  \\$aSome restrictions exist on duplication, quotation, or publication. Contact the repository for details.
=500  \\$aProcessing levels vary. Contact the repository for details.
=555  0\$aFinding aid available in the repository and on the World Wide Web.
=856  42$uhttp://digital.lib.washington.edu/findingaids/view?docId=UnitedFarmWorkers3643.xml$zConnect to the online finding aid for this collection.
=049  \\$aWAUW

