=LDR  04948cpcaa2200829 i 4500
=001  819817541
=008  121201i19731980wau\\\\\\\\\\\\\\\\\eng\d
=005  20230417170424.8
=007  kh\bo|
=040  \\$aWAU$beng$erda$edacs$cWAU$dOCLCO$dWAU$dOCLCA$dOCLCF$dOCLCO$dWAU
=019  \\$a823868741
=043  \\$an-us-wa
=046  \\$o1973$p1980$2edtf
=110  2\$aUnited Workers Union-Independent,$ecreator.
=245  10$aUnited Workers Union-Independent records.
=264  \0$c1973-1980 (bulk 1974-1978)
=300  \\$a8.25$fcubic feet$a(8$fboxes)
=336  \\$atext$btxt$2rdacontent
=336  \\$astill image$bsti$2rdacontent
=337  \\$aunmediated$bn$2rdamedia
=338  \\$asheet$bnb$2rdacarrier
=338  \\$avolume$bnc$2rdacarrier
=338  \\$aobject$bnr$2rdacarrier
=545  1\$aThe Staff Rights Organizing Committee (SROC) mobilized University of Washington employees to fight a discriminatory job reclassification, which resulted in a strike at the University of Washington in 1973. After the strike, members of the SROC formed their own union, United Workers Union-Independent (UWU-I). The union raised issues about the effects of racism and sexism on salaries which later became the concept of the Comparable Worth campaign. UWU-I's advocacy for low-paid, unorganized women and people of color on campus prodded other campus unions to better represent those workers.
=520  2\$aRecords of the United Workers Union-Independent and its precursor organization, the Staff Rights Organizing Committee of the University of Washington. Includes photos, buttons, newsletters, leaflets, and press releases.
=506  \\$aOpen to all users.
=540  \\$aThe creators' literary rights have been transferred to the University of Washington Libraries.
=541  \\$cDonated by$aHelen Gilbert,$dMarch 14, 2012.
=610  20$aUnited Workers Union-Independent$vArchives.
=610  20$aStaff Rights Organizing Committee (University of Washington)$vArchives.
=610  20$aUnited Workers Union-Independent$xHistory$vSources.
=610  20$aStaff Rights Organizing Committee (University of Washington)$xHistory$vSources.
=610  20$aUniversity of Washington$xEmployees.
=650  \0$aDiscrimination in employment$zWashington (State)$zSeattle.
=650  \0$aEqual pay for equal work$zWashington (State)$zSeattle.
=650  \0$aPay equity$zWashington (State)$zSeattle.
=650  \0$aSex discrimination in employment$zWashington (State)$zSeattle.
=650  \0$aStrikes and lockouts$zWashington (State)$zSeattle.
=650  \6$aDiscrimination dans l'emploi$0(CaQQLa)201-0062002$zWashington (État)$0(CaQQLa)201-0394837$zSeattle.$0(CaQQLa)201-0394837
=650  \6$aÉgalité de rémunération$0(CaQQLa)201-0061789$zWashington (État)$0(CaQQLa)201-0394837$zSeattle.$0(CaQQLa)201-0394837
=650  \6$aDiscrimination sexuelle dans l'emploi$0(CaQQLa)201-0094349$zWashington (État)$0(CaQQLa)201-0394837$zSeattle.$0(CaQQLa)201-0394837
=650  \6$aGrèves et lock-out$0(CaQQLa)201-0003270$zWashington (État)$0(CaQQLa)201-0394837$zSeattle.$0(CaQQLa)201-0394837
=650  \6$aLettres d'informations.$0(CaQQLa)201-0068992
=610  27$aUniversity of Washington.$2fast$0(OCoLC)fst00532763
=650  \7$aDiscrimination in employment.$2fast$0(OCoLC)fst00895050
=650  \7$aEmployees.$2fast$0(OCoLC)fst00909111
=650  \7$aEqual pay for equal work.$2fast$0(OCoLC)fst00914440
=650  \7$aPay equity.$2fast$0(OCoLC)fst01055681
=650  \7$aSex discrimination in employment.$2fast$0(OCoLC)fst01114408
=650  \7$aStrikes and lockouts.$2fast$0(OCoLC)fst01135030
=651  \7$aWashington (State)$zSeattle.$2fast$0(OCoLC)fst01204940
=655  \2$aPhotograph$0(DNLM)D059036
=655  \7$aLeaflets.$2aat
=655  \7$anewsletters.$2aat
=655  \7$abuttons (information artifacts)$2aat$0(CStmoGRI)aatgf300207332
=655  \7$aphotographs.$2aat$0(CStmoGRI)aatgf300046300
=655  \7$apress releases.$2aat$0(CStmoGRI)aatgf300026437
=655  \7$aArchives.$2fast$0(OCoLC)fst01423700
=655  \7$aEphemera.$2fast$0(OCoLC)fst01919921
=655  \7$aHistory.$2fast$0(OCoLC)fst01411628
=655  \7$aPhotographs.$2fast$0(OCoLC)fst01423689
=655  \7$aPress releases.$2fast$0(OCoLC)fst01726708
=655  \7$aSources.$2fast$0(OCoLC)fst01423900
=655  \7$aPhotographs.$2lcgft
=655  \7$aPress releases.$2lcgft
=655  \7$aEphemera.$2lcgft
=655  \7$aPhotographies.$2rvmgf$0(CaQQLa)RVMGF-000001676
=655  \7$aCommuniqués de presse.$2rvmgf$0(CaQQLa)RVMGF-000001182
=710  2\$aStaff Rights Organizing Committee (University of Washington),$ecreator.
=856  42$uhttp://archiveswest.orbiscascade.org/ark:/80444/xv85589$zConnect to the finding aid for this collection.
=856  42$uhttp://www.lib.washington.edu/specialcoll/findaids/docs/papersrecords/UnitedWorkersUnionIndependent5690.xml$zConnect to the online finding aid for this collection
=049  \\$aWAUW

