=LDR  01841npcaa22002653i 4500
=001  1390163483
=008  230712s1977\\\\xx\\\\\\\\\\\\\\\\\\eng\d
=005  20230712202144.5
=040  \\$aWAU$beng$erda$edacs$cWAU
=100  1\$aVincent, Linda Vekich,$ecreator.
=245  10$aLinda Vekich Vincent photographs of longshore workers.
=264  \0$c1977.
=300  \\$a10.26 GB (30 digital files)
=336  \\$atext$btxt$2rdacontent
=337  \\$aunmediated$bn$2rdamedia
=338  \\$asheet$bnb$2rdacarrier
=545  0\$aLinda Vekich Vincent had been trained as a photographer when she took these images of her family members, representing multiple generations of longshore workers.
=520  2\$aPhotographs of the Aberdeen waterfront taken by photographer Linda Vekich Vincent. The black and white photographs were taken by Vekich Vincent in 1977, and depict her father Max Vekich (Sr.), her brother, Max Vekich (Jr.), her uncle Andy Vekich, and cousin Randy Vekich working on the docks as active longshore workers and members of International Longshore and Warehouse Union, Local 24. Other ILWU Local 24 longshoremen are in some of the photos as well. The 30 images depict ships being loaded with logs and timber.
=506  \\$aDigital photographs are open for previewing onsite in the Special Collections Reading Room. Additionally, users may obtain a reproduction of the media for a fee by contacting Special Collections.
=540  \\$aCreator's copyrights transferred to the University of Washington Libraries Special Collections.
=541  \\$aDonated by Linda Vekich Vincent, 2020.
=546  \\$aCollection materials are in English.
=710  2\$aLabor Archives of Washington (University of Washington)
=856  42$uhttp://archiveswest.orbiscascade.org/ark:/80444/xv148223$zConnect to the online finding aid for this collection
=049  \\$aWAUW

