=LDR  05770cpcaa2200685 i 4500
=001  1296147001
=008  220210i19822015wau\\\\\\\\\\\\\\\\\eng\d
=005  20221018170506.5
=040  \\$aWAU$beng$erda$edacs$cWAU$dWAU$dOCLCO$dOCLCF$dWAU
=046  \\$o1996$p2014$2edtf
=110  2\$aWashington Alliance of Technology Workers (WashTech),$ecreator
=245  10$aWashington Alliance of Technology Workers (WashTech) records.
=264  \0$capproximately 1982-2015.
=300  \\$a11.21$fcubit feet$a(11 boxes)
=336  \\$atext$btxt$2rdacontent
=337  \\$aunmediated$bn$2rdamedia
=338  \\$asheet$bnb$2rdacarrier
=545  1\$aThe Washington Alliance of Technology Workers (WashTech) is a union affiliated with the Communication Workers of America (CWA) Local 37083 representing workers throughout the country in the science, technology, engineering, and mathematics labor market. WashTech was founded in 1998 as an advocacy organization of high-tech workers and allies and led campaigns to organize temporary workers and independent contractors at Microsoft as well as several other companies.
=520  2\$aThis collection contains records from the Washington Alliance of Technology Workers (WashTech), a union of high-tech workers affiliated with the Communication Workers of America (CWA) Local 37083, spanning the years approximately 1996 to 2014. Most of the material relates to WashTech's campaign to organize temporary workers and independent contractors at Microsoft, but there is also material related to WashTech's founding in 1998 and organizing campaigns at Amazon, AT&T, Metro One, Blue Shield, and other companies. These records feature meeting minutes and agendas, handwritten notes, worker surveys, strategic planning documents, handbooks, union contracts, event flyers and handouts, court documents, research reports, legislative documents and testimonies, budgets, manuals, legal and licensing forms, union election materials, resumes and job descriptions, union bylaws, company documents, and more. There is also an extensive collection of newspaper and magazine articles related to Microsoft, offshoring and outsourcing, temporary employment, and union organizing in the technology sector. Additionally, this collection contains extensive records of email communications and correspondences between WashTech and CWA leadership and workers about organizing workplaces and the inner workings of the union. This collection would be of particular interest to researchers trying to understand the challenges and strategies involved in organizing high-technology workers and fighting exploitative workplace practices.
=506  \\$aOpen to all users, but access to portions of the collection is restricted. Contact Special Collections for details.
=540  \\$aTo the extent that they own the copyright, the donor has transferred the copyright of the materials to the University of Washington; however,     copyright in some items in this collection may be held by their respective creators. Users are responsible for researching copyright status before     use.
=541  \\$cDonated by:$aWashTech and Kristie McCarty
=546  \\$aCollection materials are in English.
=500  \\$aRecords of the Washington Alliance of Technology Workers (WashTech), a union affiliated with the Communication Workers of America as CWA Local 37083. Washtech is a union representing workers throughout the country in the science, technology, engineering, and mathematics labor market. WashTech was founded in 1998 as an advocacy organization of high-tech workers and allies.
=500  \\$aForms part of the Labor Archives of Washington.
=610  20$aWashington Alliance of Technology Workers (WashTech)$vArchives.
=610  20$aMicrosoft Corporation$xHistory$xSources.
=650  \0$aLabor$zWashington (State)
=650  \0$aLabor unions$zWashington (State)
=650  \0$aLabor movement$zWashington (State)
=650  \6$aTravail$0(CaQQLa)201-0093408$zWashington (État)$0(CaQQLa)201-0395184
=650  \6$aSyndicats$0(CaQQLa)201-0007001$zWashington (État)$0(CaQQLa)201-0395184
=650  \6$aMouvement ouvrier$0(CaQQLa)201-0078721$zWashington (État)$0(CaQQLa)201-0395184
=610  27$aMicrosoft Corporation.$2fast$0(OCoLC)fst00608442
=650  \7$aLabor.$2fast$0(OCoLC)fst00989798
=650  \7$aLabor movement.$2fast$0(OCoLC)fst00990079
=650  \7$aLabor unions.$2fast$0(OCoLC)fst00990260
=651  \7$aWashington (State)$2fast$0(OCoLC)fst01204703
=655  \2$aHandbook$0(DNLM)D020479
=655  \7$areports.$2aat$0(CStmoGRI)aatgf300027267
=655  \7$acollective labor agreements.$2aat$0(CStmoGRI)aatgf300027630
=655  \7$abylaws (administrative records)$2aat$0(CStmoGRI)aatgf300027433
=655  \7$aArchives.$2fast$0(OCoLC)fst01423700
=655  \7$aBy-laws.$2fast$0(OCoLC)fst01423762
=655  \7$aCollective labor agreements.$2fast$0(OCoLC)fst01774247
=655  \7$aHandbooks and manuals.$2fast$0(OCoLC)fst01423877
=655  \7$aHistory.$2fast$0(OCoLC)fst01411628
=655  \7$aMinutes (Records)$2fast$0(OCoLC)fst01919940
=655  \7$aSources.$2fast$0(OCoLC)fst01423900
=655  \7$aCollective labor agreements.$2lcgft
=655  \7$aHandbooks and manuals.$2lcgft
=655  \7$aBy-laws.$2lcgft
=655  \7$aMinutes (Records)$2lcgft
=655  \7$aConventions collectives.$2rvmgf$0(CaQQLa)RVMGF-000001475
=655  \7$aGuides et manuels.$2rvmgf$0(CaQQLa)RVMGF-000001065
=655  \7$aStatuts.$2rvmgf$0(CaQQLa)RVMGF-000001472
=655  \7$aProcès-verbaux.$2rvmgf$0(CaQQLa)RVMGF-000001222
=710  2\$aLabor Archives of Washington (University of Washington)
=856  42$uhttp://archiveswest.orbiscascade.org/ark:/80444/xv930349$zConnect to the finding aid for this collection
=049  \\$aWAUW

