=LDR  05870cpcaa2200613 i 4500
=001  1225204193
=008  201203i19921998wau\\\\\\\\\\\\\\\\\eng\d
=005  20220601150126.2
=040  \\$aWAU$beng$erda$edacs$cWAU$dWAU$dOCLCO$dOCLCF$dWAU$dOCLCO
=041  0\$heng
=046  \\$o1992$p1998$2edtf
=110  2\$aWashington Committee for Occupational Safety and Health,$ecreator.
=245  10$aWashington Committee for Occupational Safety and Health collection.
=264  \0$c1992-1998.
=300  \\$a.18$fcubic feet$a(1 box and 3 posters)
=336  \\$atext$btxt$2rdacontent
=337  \\$aunmediated$bn$2rdamedia
=338  \\$asheet$bnb$2rdacarrier
=545  1\$aWashington Committee for Occupational Safety and Health (WashCOSH) was founded in 1992 at a meeting of union and safety and health activists at the International Association of Machinists, Lodge 751 union hall. The goal was to improve workplace safety and health. Funding came from subcontracting on grants to the American Federation of State, County, and Municipal Employees and the Alice Hamilton Committee for Safety and Health from the National Institute for Environmental Health Sciences. WashCOSH was involved in various projects over its history, including Ergonomics at a Buffalo Industries fabric recycling plant organized by Teamsters. The organization also offered a program of Painting Hazards Certification Training and other "painters' upgrade classes" for the Painters Advanced Training Institute at the Duwamish Branch of South Seattle Community College. Other trainings included Confined Space Entry Training and Hazardous Materials Emergency Response Training for the American Federation of State, County, and Municipal Employees. As well, the organization was involved with annual Workers' Memorial Day Events. WashCOSH published a quarterly newsletter, a guide called "Pollution Prevention for Construction Painting: A guide to help protect painters, the public and the environment" and organized an annual conferences including "Ergonomics, Safety, and Health in Construction, September 12-13, 1994" and "A Labor Union Response to Violence in the Workplace, June 10th, 1995" WashCOSH created a multi-organizational governance committee, the WISHA Workplace Violence Committee. The executive board was made up of representatives from many unions, including Diane Zahn from the United Food and Commercial Workers (the first board president); Bill Anderson of the International Union of Painters and Allied Trades (Board President); Roger Yockey of United Food and Commercial Workers; and Jay Herzmark (Trustee, Board President) of AFSCME. Other unions represented on the board included International Brotherhood of Electrical Workers and the Office and Professional Employees International Union. The first employee of WashCOSH was Anna Bachmann, who was hired as the Training Director in April 1993. She was later joined by Mark Catlin in the summer of 1993, who was the Director/Industrial Hygienist. Jay Herzmark replaced Catlin at the beginning of 1998. WashCOSH went out of business in the summer of 1998 because of tax issues.
=520  2\$aThese materials were collected by Jay Herzmark during his work with the Washington Committee for Occupational Safety and Health (WashCOSH). During his time with WashCOSH, Herzmark served as training director, trustee, and board president. Materials include a banner reading "WashCOSH: Organizing for SAFETY & HEALTH". Bumper stickers advocating worker health and safety, a listing of the board of directors and staff, materials from conferences and trainings including programs, an overview brochure on the organization, and an issue of WashCOSH's newsetter from 1995.
=506  \\$aNo restrictions on access.
=540  \\$aCreator's copyrights transferred to the University of Washington Libraries Special Collections.
=541  \\$cDonated by:$aJay Herzmark.
=546  \\$aCollection materials are in English.
=500  \\$aForms part of the Labor Archives of Washington.
=610  20$aWashington Committee for Occupational Safety and Health$vArchives.
=650  \0$aIndustrial hygiene$zWashington (State)
=650  \0$aIndustrial safety$zWashington (State)
=650  \0$aLabor$zWashington (State)
=650  \0$aLabor unions$zWashington (State)
=650  \0$aLabor movement$zWashington (State)
=650  \6$aSécurité du travail$0(CaQQLa)201-0014876$zWashington (État)$0(CaQQLa)201-0395184
=650  \6$aTravail$0(CaQQLa)201-0093408$zWashington (État)$0(CaQQLa)201-0395184
=650  \6$aSyndicats$0(CaQQLa)201-0007001$zWashington (État)$0(CaQQLa)201-0395184
=650  \6$aMouvement ouvrier$0(CaQQLa)201-0078721$zWashington (État)$0(CaQQLa)201-0395184
=650  \7$aIndustrial hygiene.$2fast$0(OCoLC)fst00971122
=650  \7$aIndustrial safety.$2fast$0(OCoLC)fst00971664
=650  \7$aLabor.$2fast$0(OCoLC)fst00989798
=650  \7$aLabor movement.$2fast$0(OCoLC)fst00990079
=650  \7$aLabor unions.$2fast$0(OCoLC)fst00990260
=651  \7$aWashington (State)$2fast$0(OCoLC)fst01204703
=655  \7$abrochures.$2aat$0(CStmoGRI)aatgf300248280
=655  \7$aArchives.$2fast$0(OCoLC)fst01423700
=655  \7$aBumper stickers.$2fast$0(OCoLC)fst02007232
=655  \7$aConference materials.$2fast$0(OCoLC)fst01919904
=655  \7$aInstructional and educational works.$2fast$0(OCoLC)fst01919931
=655  \7$aBumper stickers.$2lcgft
=655  \7$aConference materials.$2lcgft
=655  \7$aInstructional and educational works.$2lcgft
=655  \7$aDocuments de congrès.$2rvmgf$0(CaQQLa)RVMGF-000001050
=655  \7$aMatériel d'éducation et de formation.$2rvmgf$0(CaQQLa)RVMGF-000001042
=710  2\$aLabor Archives of Washington,$ecurator.
=856  42$uhttp://archiveswest.orbiscascade.org/ark:/80444/xv764922$zConnect to the online finding aid for this collection
=049  \\$aWAUW

