=LDR  02969cpcaa22005297i 4500
=001  1122753254
=008  191010i19822019xxu\\\\\\\\\\\\\\\\\eng\d
=005  20220804160250.8
=040  \\$aWAU$beng$erda$edacs$cWAU$dWAU$dOCLCF$dWAU$dOCL$dWAU$dOCLCO$dOCLCQ$dWAU$dOCLCO$dWAU
=041  0\$heng
=043  \\$an-us-wa
=046  \\$o1982$p2019$2edtf
=110  2\$aWashington Women in Trades Association,$ecreator.
=245  10$aWashington Women in Trades Association records.
=264  \0$c1982-2019 (bulk 1991-2019).
=300  \\$a2.81$fcubic feet$a(3 boxes)
=336  \\$atext$btxt$2rdacontent
=337  \\$aunmediated$bn$2rdamedia
=338  \\$asheet$bnb$2rdacarrier
=545  1\$aThe Washington Women in Trades Association was founded in 1978 by and for women working in the skilled trades to gather and share information. Among other activities they organize an annual  career fair, allowing tradeswomen and recruiters from union apprenticeship programs and employers to connect.
=520  2\$aRosie the Riveter-themed calendars, Women in Trades Job Fair materials including ephemera and posters, and other marketing materials published and distributed by Washington Women in the Trades, scrapbooks collected by Washington Women in the Trades of members and events from 1991-2004, scrapbooks of a 2002 "Remembering Rosie" event that honor World War II-era tradeswomen, and a 2019 City of Seattle proclamation recognizing WITT's 40th anniversary from Seattle Mayor Jenny Durkan.
=506  \\$aNo restrictions on access.
=540  \\$aCreator's copyrights transferred to the University of Washington Libraries Special Collections.
=541  \\$cDonated by:$aCynthia Payne.
=500  \\$aForms part of the Labor Archives of Washington.
=610  20$aWashington Women in Trades Association$vArchives.
=650  \0$aTrade associations$zWashington (State)
=650  \0$aWomen in the labor movement$zWashington (State)
=650  \0$aLabor$zWashington (State)
=650  \0$aLabor unions$zWashington (State)
=650  \0$aLabor movement$zWashington (State)
=650  \7$aLabor.$2fast$0(OCoLC)fst00989798
=650  \7$aLabor movement.$2fast$0(OCoLC)fst00990079
=650  \7$aLabor unions.$2fast$0(OCoLC)fst00990260
=650  \7$aTrade associations.$2fast$0(OCoLC)fst01153802
=650  \7$aWomen in the labor movement.$2fast$0(OCoLC)fst01178035
=651  \7$aWashington (State)$2fast$0(OCoLC)fst01204703
=655  \7$aArchives.$2fast$0(OCoLC)fst01423700
=655  \7$aCalendars.$2fast$0(OCoLC)fst01423764
=655  \7$aConference materials.$2fast$0(OCoLC)fst01919904
=655  \7$aPromotional materials.$2fast$0(OCoLC)fst01982512
=655  \7$aCalendars.$2lcgft
=655  \7$aConference materials.$2lcgft
=655  \7$aPromotional materials.$2lcgft
=710  2\$aLabor Archives of Washington,$ecurator.
=856  42$uhttp://archiveswest.orbiscascade.org/ark:/80444/xv849639$zConnect to the online finding aid for this collection
=049  \\$aWAUW

