=LDR  06139cpcaa2200949 i 4500
=001  1119723259
=008  190917i19702017wau\\\\\\\\\\\\\\\\\eng\d
=005  20220626162508.8
=040  \\$aWAU$beng$erda$edacs$cWAU$dWAU$dOCLCO$dWAU$dOCLCF$dOCLCA$dWAU$dOCL$dWAU$dOCLCO
=041  0\$heng
=046  \\$o1970$p2017$2edtf
=100  1\$aWeiss, Joan$c(Labor activist),$ecreator.
=245  10$aJoan Weiss papers.
=264  \0$c1970-2017.
=300  \\$a3.02$fcubic feet$a(3 boxes, 1 oversize vertical file)
=336  \\$atext$btxt$2rdacontent
=337  \\$aunmediated$bn$2rdamedia
=338  \\$asheet$bnb$2rdacarrier
=386  \\$aActivists$2lcdgt
=386  \\$aWomen labor leaders$2lcsh
=386  \\$aWomen$2lcdgt
=545  0\$aJoan Weiss is a labor activist, union member, and union leader. Weiss worked for the M.L. King County Labor Council Worker's Center before the program was ended. Weiss was also a member and business agent for the Classified Staff Association 925 at the University of Washington. That local union is now part of Service Employees International Union, Local 925.
=520  2\$aMaterials from Weiss work for the M.L. King County Labor Council Worker's Center as well as the Classified Staff Association 925 at the University of Washington. Common Sense Economics training materials from classes that Bill Fletcher, Jr. taught in Seattle in the early 1990s. Posters, buttons, and stickers from various labor and political causes Weiss was a part of or a supporter. It also includes training materials, ephemera, and notes relating to Weiss' membership in SEIU 925 and being a member of the Service Employees International Union, and the AFL-CIO.
=506  \\$aNo restrictions on access.
=540  \\$aCreator's copyrights transferred to the University of Washington Libraries Special Collections.
=541  \\$cDonated by:$aJoan Weiss.
=500  \\$aForms part of the Labor Archives of Washington.
=600  10$aWeiss, Joan,$c(Labor activist)$vArchives.
=650  \0$aWomen labor leaders$zWashington (State)$zSeattle$vArchives.
=610  20$aAmerican Federation of Labor$xHistory$vSources.
=610  20$aAFL-CIO$xHistory$vSources.
=610  20$aAFL-CIO.$bKing County Labor Council of Washington.$bWorkers Center$xHistory$vSources.
=610  20$aService Employees International Union$xHistory$vSources.
=610  20$aService Employees International Union.$bLocal 925$xHistory$vSources.
=650  \0$aLabor$zWashington (State)$zSeattle$xHistory$vSources.
=650  \0$aLabor unions$zWashington (State)$zSeattle$xHistory$vSources.
=650  \0$aLabor movement$zWashington (State)$zSeattle$xHistory$vSources.
=650  \0$aLabor union locals$zWashington (State)$zSeattle$xHistory$vSources.
=650  \0$aLabor union members$zWashington (State)$zSeattle$xHistory$vSources.
=650  \6$aDirigeantes syndicales$0(CaQQLa)201-0238439$zWashington (État)$0(CaQQLa)201-0394837$zSeattle$0(CaQQLa)201-0394837$vArchives.$0(CaQQLa)201-0378256
=650  \6$aTravail$0(CaQQLa)201-0093408$zWashington (État)$0(CaQQLa)201-0394837$zSeattle$0(CaQQLa)201-0394837$xHistoire$0(CaQQLa)201-0382350$vSources.$0(CaQQLa)201-0382350
=650  \6$aSyndicats$0(CaQQLa)201-0007001$zWashington (État)$0(CaQQLa)201-0394837$zSeattle$0(CaQQLa)201-0394837$xHistoire$0(CaQQLa)201-0382350$vSources.$0(CaQQLa)201-0382350
=650  \6$aMouvement ouvrier$0(CaQQLa)201-0078721$zWashington (État)$0(CaQQLa)201-0394837$zSeattle$0(CaQQLa)201-0394837$xHistoire$0(CaQQLa)201-0382350$vSources.$0(CaQQLa)201-0382350
=650  \6$aSyndicats$0(CaQQLa)201-0092747$xSections locales$0(CaQQLa)201-0092747$zWashington (État)$0(CaQQLa)201-0394837$zSeattle$0(CaQQLa)201-0394837$xHistoire$0(CaQQLa)201-0382350$vSources.$0(CaQQLa)201-0382350
=650  \6$aSyndiqués$0(CaQQLa)201-0268551$zWashington (État)$0(CaQQLa)201-0394837$zSeattle$0(CaQQLa)201-0394837$xHistoire$0(CaQQLa)201-0382350$vSources.$0(CaQQLa)201-0382350
=610  27$aAFL-CIO.$2fast$0(OCoLC)fst00535365
=610  27$aAmerican Federation of Labor.$2fast$0(OCoLC)fst00535672
=610  27$aService Employees International Union.$2fast$0(OCoLC)fst00560879
=650  \7$aWomen labor leaders.$2fast$0(OCoLC)fst01178088
=650  \7$aLabor.$2fast$0(OCoLC)fst00989798
=650  \7$aLabor movement.$2fast$0(OCoLC)fst00990079
=650  \7$aLabor union locals.$2fast$0(OCoLC)fst00990253
=650  \7$aLabor union members.$2fast$0(OCoLC)fst00990256
=650  \7$aLabor unions.$2fast$0(OCoLC)fst00990260
=651  \7$aWashington (State)$zSeattle.$2fast$0(OCoLC)fst01204940
=655  \7$abusiness records.$2aat$0(CStmoGRI)aatgf300141693
=655  \7$arecords (documents)$2aat$0(CStmoGRI)aatgf300026685
=655  \7$aposters.$2aat$0(CStmoGRI)aatgf300027221
=655  \7$aprinted ephemera.$2aat$0(CStmoGRI)aatgf300264821
=655  \7$aSources.$2fast$0(OCoLC)fst01423900
=655  \7$aHistory.$2fast$0(OCoLC)fst01411628
=655  \7$aArchives.$2fast$0(OCoLC)fst01423700
=655  \7$aConference materials.$2fast$0(OCoLC)fst01919904
=655  \7$aCourse materials.$2fast$0(OCoLC)fst01919908
=655  \7$aEphemera.$2fast$0(OCoLC)fst01919921
=655  \7$aPosters.$2fast$0(OCoLC)fst01423847
=655  \7$aRecords (Documents)$2fast$0(OCoLC)fst01919961
=655  \7$aRecords (Documents)$2lcgft
=655  \7$aCourse materials.$2lcgft
=655  \7$aConference materials.$2lcgft
=655  \7$aPosters.$2lcgft
=655  \7$aEphemera.$2lcgft
=655  \7$aDocuments administratifs.$2rvmgf$0(CaQQLa)RVMGF-000001054
=655  \7$aMatériel de cours.$2rvmgf$0(CaQQLa)RVMGF-000001187
=655  \7$aDocuments de congrès.$2rvmgf$0(CaQQLa)RVMGF-000001050
=655  \7$aAffiches.$2rvmgf$0(CaQQLa)RVMGF-000001052
=655  \7$aDocuments éphémères.$2rvmgf$0(CaQQLa)RVMGF-000001046
=700  1\$iContainer of (work):$aFletcher, Bill,$cJr.$tCommon sense economics.
=710  2\$iContainer of (work):$aAFL-CIO.$tAFL-CIO publication.
=710  2\$aLabor Archives of Washington,$ecurator.
=856  42$uhttp://archiveswest.orbiscascade.org/ark:/80444/xv251250$zConnect to the online finding aid for this collection
=049  \\$aWAUW

