=LDR  05949cpcaa2200745 i 4500
=001  1378802743
=008  230511i19942021wau\\\\\\\\\\\\\\\\\eng\d
=005  20230714152428.2
=040  \\$aWAU$beng$erda$edacs$cWAU$dWAU$dOCLCF
=043  \\$an-us-wa
=046  \\$o1994$p2021$2edtf
=110  2\$aWhatcom County Jobs With Justice,$ecreator.
=245  10$aJobs with Justice, Whatcom County Chapter records.
=264  \0$c1994-2021.
=300  \\$a4.58 cubic feet (5 boxes plus 1 oversize vertical file, and 1 oversize folder; 1.87 gb (9,921 electronic files))
=336  \\$atext$btxt$2rdacontent
=337  \\$aunmediated$bn$2rdamedia
=338  \\$asheet$bnb$2rdacarrier
=351  \\$aArranged in 4 series: Series 1. Organizational records, 1995-2001; Series 2. Campaign records, 1995-2021; Subseries A, Medicare Campaign Records, 1995; Subseries B, Public Services Campaign Records, 1994-2018; Subseries C, Welfare Reform Campaign Records, 1997-2003; Subseries D, Living Wage Campaigns Records, 1996-2017; Subseries E, Big-Box Store Campaign Records, 2004-2014; Subseries F, Union Campaigns, 1995-2021; Subseries G, Global Justice Campaign Records, 1995-2016; Subseries H, Farmworker Justice Campaign Records, 1997-2019; Subseries I, Single-Payer Health Care Campaign Records, 2003-2009; Subseries J, Records of Other Campaigns, 1997-2019; Series 3. Event and fundraising records, 1995-2020; Series 4. Jobs With Justice action and event photographs, 1992-2011.
=386  \\$aAmericans$aWashingtonians (Washington State)$2lcdgt
=500  \\$aForms a part of the Labor Archives of Washington.
=520  2\$aOrganizational records of a volunteer-run workers' rights organization. Records include meeting agendas, sign-in sheets, and minutes (1995-2017). Records of the group's campaigns include planning records, research materials, posters and leaflets, position statements, and files of press coverage (1995-2021). The group's actions are thoroughly documented by a collection of photographs, which typically include exact dates, description of the event depicted, and identification of people in the photo (1992-2011). Electronic records (3.38 megabytes, 9920 files in 1598 directories) include email messages, agendas and minutes, website pages, planning and research documents, news coverage, and photographs.
=545  1\$aWhatcom County Jobs with Justice is a volunteer-run workers' rights organization affiliated with Washington State Jobs with Justice. It has organized direct action campaigns to support social services, union organizing, food security, living wages, access to health care, and global justice issues. Campaigns have included both national and international issues such as single-payer health care, welfare reform, and international trade policy as well as state- and local-based issues such as minimum wage and sick-pay laws, siting and expansion of big-box stores and local food security issues related to closing of a Bellingham chain grocery store. The organization has been a long-term supporter of Washington State farmworker organizations.
=500  \\$aRecords are arranged as received from the organization. Organizational records are arranged chronologically, and records of activities are arranged by campaign subject. Photographs are arranged chronologically and are identified by event depicted. Electronic records are arranged in subject folders as received from donor.
=506  \\$aNo restrictions on access to paper-based materials. Electronic records are open to all users for onsite use only. Contact Special Collections for more information.
=540  \\$aCreator's copyrights transferred to the University of Washington Libraries Special Collections.
=541  \\$cDonated by$aBetsy Pernotto, Whatcom County Jobs with Justice,$d2022.
=546  \\$aCollection materials are in English.
=610  20$aWhatcom County Jobs With Justice$vArchives.
=610  20$aJobs With Justice.$bWhatcom County Organizing Committee$vArchives.
=650  \0$aEmployee rights$zWashington (State)$zWhatcom County$xHistory$vSources.
=650  \0$aSocial justice$zWashington (State)$zWhatcom County$xHistory$vSources.
=650  \0$aLabor$zWashington (State)$zWhatcom County$xHistory$vSources.
=650  \0$aLabor unions$zWashington (State)$zWhatcom County$xHistory$vSources.
=650  \0$aLabor movement$zWashington (State)$zWhatcom County$xHistory$vSources.
=650  \7$aEmployee rights.$2fast$0(OCoLC)fst00909055
=650  \7$aLabor.$2fast$0(OCoLC)fst00989798
=650  \7$aLabor movement.$2fast$0(OCoLC)fst00990079
=650  \7$aLabor unions.$2fast$0(OCoLC)fst00990260
=650  \7$aSocial justice.$2fast$0(OCoLC)fst01122603
=651  \7$aWashington (State)$zWhatcom County.$2fast$0(OCoLC)fst01218605
=655  \7$amembership lists.$2aat
=655  \7$apamphlets$2aat
=655  \7$afiles (document groupings).$2aat
=655  \7$acolor photographs.$2aat
=655  \7$abrochures.$2aat
=655  \7$aArchives.$2fast$0(OCoLC)fst01423700
=655  \7$aBusiness correspondence.$2fast$0(OCoLC)fst01919897
=655  \7$aEphemera.$2fast$0(OCoLC)fst01919921
=655  \7$aHistory.$2fast$0(OCoLC)fst01411628
=655  \7$aMinutes (Records)$2fast$0(OCoLC)fst01919940
=655  \7$aPhotographs.$2fast$0(OCoLC)fst01423689
=655  \7$aPosters.$2fast$0(OCoLC)fst01423847
=655  \7$aRecords (Documents)$2fast$0(OCoLC)fst01919961
=655  \7$aSources.$2fast$0(OCoLC)fst01423900
=655  \7$aBusiness correspondence.$2lcgft
=655  \7$aRecords (Documents)$2lcgft
=655  \7$aEphemera.$2lcgft
=655  \7$aMinutes (Records)$2lcgft
=655  \7$aPhotographs.$2lcgft
=655  \7$aposters.$2lcgft
=710  2\$aJobs With Justice.$bWhatcom County Organizing Committee,$ecreator.
=710  2\$aLabor Archives of Washington,$ecurator.
=856  42$uhttp://archiveswest.orbiscascade.org/ark:/80444/xv587706$zConnect to the finding aid for this collection$70
=049  \\$aWAUW

