=LDR  07588cpcaa2200841 i 4500
=001  1311021932
=008  220414i19742010wau\\\\\\\\\\\\\\\\\eng\d
=005  20230323153744.5
=007  vd\cvaizu
=040  \\$aWAU$beng$erda$edacs$cWAU$dWAU$dOCLCF
=041  0\$aeng$heng
=046  \\$o1974$p2010$2edtf
=100  1\$aWithey, Michael$c(Lawyer),$ecreator.
=245  10$aMichael Withey papers.
=264  \0$capproximately 1974-2010.
=300  \\$a54.13$fcubic feet (43 boxes)
=336  \\$atwo-dimensional moving image$btdi$2rdacontent
=336  \\$atext$btxt$2rdacontent
=336  \\$aspoken word$bspw$2rdacontent
=337  \\$avideo$bv$2rdamedia
=337  \\$aunmediated$bn$2rdamedia
=337  \\$aaudio$bs$2rdamedia
=338  \\$asheet$bnb$2rdacarrier
=338  \\$avideodisc$bvd$2rdacarrier
=338  \\$aaudiocassette$bss$2rdacarrier
=347  \\$bDVD video
=380  \\$aMotion pictures$2lcgft
=385  \\$aLawyers$2lcdgt
=385  \\$aWashingtonians (Washington State)$2lcdgt
=545  0\$aMichael Withey is a Seattle-based lawyer who served as a representing attorney in the Domingo v Marcos court case. He is a public interest lawyer who has made a career representing the "little guy" against powerful interests to protect constitutional rights, civil rights, and human rights for the past 42 years. He is the former president of the Public Justice Foundation and received numerous prestigious awards. Gene Viernes was born in Yakima on August 16, 1951, the eldest of nine children born to Felix and Betty Viernes. Felix had emigrated from the Philippines in the 1920s. He was a fruit picker and also worked in canneries. His son Gene grew up picking fruit before going to school. Gene joined Local 37, ILWU in 1966 at the age of 14, after lying about his age and paying a {dollar}50 bribe to a cannery foreman. He spent many summers as an "Alaskero," working in the Alaskan salmon canneries along with his father and brothers. In the 1970s, he met Silme Domingo and they became close friends. Together they formed the Alaska Cannery Workers' Association, a workers' legal advocacy group. Within Local 37, Gene Viernes played a crucial role in the formation of the Rank and File Committee, the group that spearheaded the reform movement in 1977. Silme Domingo was born in Killeen, Texas, on January 25, 1952. His father had emigrated from the Philippines in the 1920s, and had joined the Army and fought in the Pacific during World War II. Silme was the third of five children born to Nemesio and Adelina Domingo. He grew up in Texas and Germany in accordance with his father's military career, and the family moved to Seattle in 1960. Silme attended Ballard High School and graduated with honors from the University of Washington. Silme, following his parents' social activism, participated in the effort during the 1970s to save Seattle's International District, and joined the work to establish social services for people in the district. In 1974 Silme joined the Union of Democratic Filipino (KDP) and established the Seattle KDP chapter, which organized the first protest in Seattle against the Marcos dictatorship. He was best known for his work in the Alaska Cannery Workers Union. He was survived by two children, Ligaya and Kalayaan. [Source: https://michaelwithey.com/about/; https://www.historylink.org/File/412]
=545  1\$aOn June 1, 1981, Seattle-based Filipino American labor activists Gene Viernes (1951-1981) and Silme Domingo (1952-1981) of Local 37 of the International Longshoremen's and Warehousemen's Union(ILWU) are murdered near Pioneer Square in downtown Seattle. They were attempting to reform the union, which they thought was corrupt, and were calling for better working conditions in the canneries. The murders were originally thought to be an isolated act of violence, but friends and family organized a Committee for Justice for Domingo and Viernes (CJDV) eventually found links between the murders to Philippine President Ferdinand Marcos and his wife Imelda, who had ordered the murders in retaliation for the victims' anti-Marcos organizing. In 1989, and a federal jury agreed with the CJDV, finding Marcos guilty of the murders.[Source: https://www.historylink.org/File/412; https://en.wikipedia.org/wiki/Silme_Domingo]
=520  2\$aDocuments, including depositions, court documents, drafts, notes, exhibits, and other material, tapes, video, and photographs relating to Michael Withey's role as a representing attorney in the Doming v. Marcos court case. The case came as a result of the 1981 assassination Seattle labor leaders Silme Domingo and Gene Viernes in a plot involving Philippines dictator Ferdinand Marcos and a Seattle union leader Tony Baruso. Domingo and Viernes, in addition to serving as cannery union officers, had been organizing as part of a Filipinx diaspora organization to oppose the Marcos Regime. After the murders, a Committee for Justice for Domingo and Viernes was formed and a legal case against Marcos made its way through the US judicial system.
=506  \\$aAccess restricted: For terms of access, contact Special Collections.
=500  \\$aForms a part of the Labor Archives of Washington.
=540  \\$aCreator's copyrights transferred to the University of Washington Libraries Special Collections.
=546  \\$aCollection materials are in English.
=600  10$aWithey, Michael$c(Lawyer)$vArchives.
=600  10$aViernes, Gene,$d1951-1981$xDeath$xHistory$vSources.
=600  10$aDomingo, Silme,$d1952-1981$xDeath$xHistory$vSources.
=600  10$aMarcos, Ferdinand E.$q(Ferdinand Edralin),$d1917-1989$vTrials, litigation, etc.$xHistory$vSources.
=610  20$aInternational Longshoremen's and Warehousemen's Union.$bLocal 37 (Seattle, Wash.)$vSources.
=650  \0$aTrials$zUnited States.
=650  \0$aLabor$zWashington (State)
=650  \0$aLabor unions$zWashington (State)
=650  \0$aLabor movement$zWashington (State)
=600  17$aDomingo, Silme,$d1952-1981.$2fast$0(OCoLC)fst01816118
=600  17$aMarcos, Ferdinand E.$q(Ferdinand Edralin),$d1917-1989.$2fast$0(OCoLC)fst00055872
=600  17$aViernes, Gene,$d1951-1981.$2fast$0(OCoLC)fst01856025
=610  27$aInternational Longshoremen's and Warehousemen's Union.$bLocal 37 (Seattle, Wash.)$2fast$0(OCoLC)fst00629742
=650  \7$aDeath.$2fast$0(OCoLC)fst00888613
=650  \7$aLabor.$2fast$0(OCoLC)fst00989798
=650  \7$aLabor movement.$2fast$0(OCoLC)fst00990079
=650  \7$aLabor unions.$2fast$0(OCoLC)fst00990260
=650  \7$aTrials.$2fast$0(OCoLC)fst01156290
=651  \7$aUnited States.$2fast$0(OCoLC)fst01204155
=651  \7$aWashington (State)$2fast$0(OCoLC)fst01204703
=655  \7$aNewspaper clippings.$2aat
=655  \7$aDepositions.$2aat
=655  \7$aArchives.$2fast$0(OCoLC)fst01423700
=655  \7$aHistory.$2fast$0(OCoLC)fst01411628
=655  \7$aLegal instruments.$2fast$0(OCoLC)fst01774279
=655  \7$aPhotographs.$2fast$0(OCoLC)fst01423689
=655  \7$aSound recordings.$2fast$0(OCoLC)fst01411639
=655  \7$aSources.$2fast$0(OCoLC)fst01423900
=655  \7$aVideo recordings.$2fast$0(OCoLC)fst01692913
=655  \7$aLegal instruments.$2lcgft
=655  \7$aPhotographs.$2lcgft
=655  \7$aVideo recordings.$2lcgft
=655  \7$aSound recordings.$2lcgft
=710  2\$aLabor Archives of Washington (University of Washington)
=730  0\$iContainer of (work):$aDomingo Viernes Story (Motion picture)
=856  42$uhttp://archiveswest.orbiscascade.org/ark:/80444/xv347684$zConnect to the finding aid for this collection$70
=049  \\$aWAUW

