=LDR  03400cpcaa2200601 i 4500
=001  919470000
=008  150831i20122015wau\\\\\\\\\\\\\\\\\eng\d
=005  20220626212257.0
=040  \\$aWAU$beng$erda$edacs$cWAU$dWAU$dOCLCA$dOCLCF$dOCLCO$dWAU$dOCLCO
=046  \\$k2012$l2015$2edtf
=110  2\$aWorking Washington,$ecreator.
=245  10$aWorking Washington ephemera collection.
=264  \0$c2012-2015.
=300  \\$a4.61$fcubic feet$a(6 boxes) plus 1 vertical file, 1 oversized folder, and archived website
=336  \\$atext$btxt$2rdacontent
=336  \\$athree-dimensional form$btdf$2rdacontent
=336  \\$astill image$bsti$2rdacontent
=337  \\$acomputer$bc$2rdamedia
=338  \\$aonline resource$bcr$2rdacarrier
=338  \\$asheet$bnb$2rdacarrier
=386  \\$nnat$aWashingtonians$2lcdgt
=500  \\$aForms a part of the Labor Archives of Washington
=545  1\$aWorking Washington is a coalition of unions, faith, and grassroots community groups--an outgrowth of Service Employees International Union Local 775--that seeks to unite working people to fight for a fair economy. They were the organization that organized the campaign of fast food strikes that sparked the fight for the {dollar}15 minimum wage in Seattle and helped lead the successful campaign to pass a {dollar}15 minimum wage in SeaTac.
=520  \\$aBanners, picket signs, placards, flyers, advertisements, posters and stickers from Working Washington's campaigns.
=506  \\$aOpen to all users. However, an appointment with the Labor Archives curator is required prior to viewing certain items in the collection. Contact UW Special Collections for more details or to request an appointment.
=540  \\$aCreator's literary rights transferred to the University of Washington Libraries.
=555  0\$aFinding aid available in the repository and on the World Wide Web.
=610  20$aWorking Washington$vArchives.
=650  \0$aMinimum wage$zWashington (State)
=650  \0$aLabor unions$zWashington (State)
=650  \0$aLabor$zWashington (State)
=650  \0$aLabor movement$zWashington (State)
=650  \6$aSalaires minimums$0(CaQQLa)201-0071753$zWashington (État)$0(CaQQLa)201-0395184
=650  \6$aSyndicats$0(CaQQLa)201-0007001$zWashington (État)$0(CaQQLa)201-0395184
=650  \6$aTravail$0(CaQQLa)201-0093408$zWashington (État)$0(CaQQLa)201-0395184
=650  \6$aMouvement ouvrier$0(CaQQLa)201-0078721$zWashington (État)$0(CaQQLa)201-0395184
=650  \7$aLabor.$2fast$0(OCoLC)fst00989798
=650  \7$aLabor movement.$2fast$0(OCoLC)fst00990079
=650  \7$aLabor unions.$2fast$0(OCoLC)fst00990260
=650  \7$aMinimum wage.$2fast$0(OCoLC)fst01022855
=651  \7$aWashington (State)$2fast$0(OCoLC)fst01204703
=655  \7$aposters.$2aat$0(CStmoGRI)aatgf300027221
=655  \7$aprinted ephemera.$2aat$0(CStmoGRI)aatgf300264821
=655  \7$aArchives.$2fast$0(OCoLC)fst01423700
=655  \7$aEphemera.$2fast$0(OCoLC)fst01919921
=655  \7$aPosters.$2fast$0(OCoLC)fst01423847
=655  \7$aPosters.$2lcgft
=655  \7$aEphemera.$2lcgft
=655  \7$aAffiches.$2rvmgf$0(CaQQLa)RVMGF-000001052
=655  \7$aDocuments éphémères.$2rvmgf$0(CaQQLa)RVMGF-000001046
=710  2\$aLabor Archives of Washington,$ecurator.
=856  42$uhttp://archiveswest.orbiscascade.org/ark:/80444/xv59979/$zConnect to the online finding aid for this collection
=049  \\$aWAUW

