=LDR  01292cpcaa2200229Ia 4500
=001  891828370
=008  141001i19892011xx\\\\\\\\\\\\\\\\\\eng\d
=005  20230628202628.4
=040  \\$aWAU$beng$cWAU$dOCLCF$dOCLCQ$dWAU
=100  1\$aYockey, Roger.
=245  10$aRoger Yockey papers,$f1989-2011.
=300  \\$a.48$fcubic ft.
=545  0\$aRoger Yockey is a journalist and a retired union representative and community oganizer. Yockey was a communications officer for United Food and Commerical Workers Local during the 1989 strike. Author of: "The right of privacy and the right to report the news, 1965; "I never stopped believing", c2007. "People are # 1" c2010.
=520  2\$aResearch materials compiled by Yockey during the writing of his book, "People Are #1," on the Puget Sound Grocery Strike of 1989.
=506  \\$aOpen to all users.
=540  \\$aCreator's literary rights transferred to the University of Washington Libraries.
=555  0\$aFinding aid available in the repository and on the World Wide Web.
=600  10$aYockey, Roger$vArchives.
=600  17$aYockey, Roger.$2fast$0(OCoLC)fst01687701
=655  \7$aArchives.$2fast$0(OCoLC)fst01423700
=856  42$uhttps://archiveswest.orbiscascade.org/ark:80444/xv41186$zConnect to the online finding aid for this collection.
=049  \\$aWAUW

