=LDR  00903cpcaa22002053  4500
=001  123949648
=005  20230628192242.4
=008  070503nuuuuuuuuxx\\\\\\\\\\\\\\\\\\eng\d
=040  \\$aWAU$beng$cWAU$dOCLCG$dWAU$dOCLCQ$dOCLCA$dWAU$dOCLCO$dWAU
=049  \\$aWAUW
=100  1\$aYoneda, Karl G.,$d1906-1999.
=245  10$aKarl G. Yoneda papers,$f1868-1969.
=300  \\$aapproximately .04 cubic ft
=336  \\$atext$btxt$2rdacontent
=337  \\$aunmediated$bn$2rdamedia
=520  2\$aReports, speeches, newspaper clippings.
=506  \\$aAccess may be restricted. Contact Special Collections for details.
=540  \\$aSome restrictions exist on duplication, quotation, or publication. Contact the repository for details.
=500  \\$aProcessing levels vary. Contact the repository for details.
=856  42$uhttps://archiveswest.orbiscascade.org/ark:80444/xv74807$zConnect to the online finding aid for this collection.

