=LDR  06244cpcaa22006377i 4500
=001  1122743152
=005  20220402090658.5
=008  191009i19761998xxu\\\\\\\\\\\\\\\\\eng\d
=040  \\$aWAU$beng$erda$edacs$cWAU$dWAU$dOCLCF$dWAU$dOCLCO$dOCLCQ$dOCLCO
=043  \\$an-us-wa
=046  \\$o1976$p1998$2edtf
=049  \\$aWAUW
=110  2\$aFreedom Socialist Party (U.S.),$ecreator.
=245  10$aFreedom Socialist Party National Office (Seattle) records.
=264  \0$c1976-1998.
=300  \\$a3.09 cubic feet$a(3 boxes)
=336  \\$atext$btxt$2rdacontent
=337  \\$aunmediated$bn$2rdamedia
=338  \\$asheet$bnb$2rdacarrier
=541  \\$cDonated by$aHelen Gilbert.
=545  1\$aThe Freedom Socialist party is a revolutionary socialist feminist organization that does intersectional organizing against racism, sexism, homophobia, and labor exploitation. The FSP's political analysis sees women's leadership and political action as decisive to social change and trains women to lead in these campaigns. The immediate forerunner of the Freedom Socialist Party began with the Kirk-Kaye tendency within the Socialist Workers Party, led by Dick Fraser (Kirk) and Clara Fraser (Kaye) who were married at the time. The Kirk-Kaye tendency had a distinct analysis on civil rights, derived from the theory of "revolutionary integrationism," and took a more sympathetic towards China as a worker's state than the SWP. The Freedom Socialist Party was founded in 1966, and had a differing analysis from the SWP's on black nationalist views of Malcolm X and the SWP's orientation toward the labor leaders rather than rank and file workers, and its relationships to the anti-Vietnam War movement, and its dismissive attitude toward the emerging feminist movement. The FSP advocated class solidarity between black and white workers, centered their revolutionary analysis around women's emancipation, and urged the anti-war movement to support the socialist, anti-colonial aims of the Vietnamese Revolution. FSP leaders Clara Fraser (1923-1998) and Gloria Martin (1916-1995) built on the socialist analysis of women's oppression to create a Leninist party that is "socialist-feminist" in ideology and practice. The party views the liberation struggles of women, people of color and sexual minorities (such as gay people) as intrinsic to working-class revolt, and it looks to these specially-oppressed sectors of society to provide revolutionary leadership. Women comprise a predominant part of the party leadership. Overall, membership is diverse and is composed of all genders and races. The party characterizes its National Comrades of Color Caucus as offering the party's diverse ranks of people of color an opportunity to work together as a team to grow as leaders and provide direction for the party's work in people of color movements. The party has branches in a number of U.S. cities, as well as one in Melbourne, Australia. The Freedom Socialist newspaper is produced six times a year. Red Letter Press publishes books and pamphlets for the party. The FSP is affiliated with Radical Women, which is an autonomous socialist feminist organization. [Source: https://en.wikipedia.org/wiki/Freedom_Socialist_Party]
=520  2\$aRecords of the national office of the socialist feminist worker's organization, the Freedom Socialist Party. These records were collected and created by Clara Fraser, who was a co-founder and officer of the Freedom Socialist Party and Radical Women. Fraser collected, created, and maintained these records as part of her work for the organization.
=500  \\$aForms part of the Labor Archives of Washington.
=506  \\$aNo restrictions on access.
=540  \\$aCreator's copyrights transferred to the University of Washington Libraries Special Collections.
=546  \\$aCollection materials are in English.
=544  1\$nSeparated materials in the following collections of this repository:$dRadical Women National Office records;$dFreedom Socialist Party Seattle branch records.
=610  20$aFreedom Socialist Party (U.S.)$vArchives.
=610  20$aFreedom Socialist Party (U.S.)$vRecords and correspondence.
=650  \0$aLabor$zWashington (State)$zSeattle.
=650  \0$aLabor unions$zWashington (State)$zSeattle.
=650  \0$aLabor movement$zWashington (State)$zSeattle.
=650  \6$aTravail$0(CaQQLa)201-0093408$zWashington (État)$0(CaQQLa)201-0394837$zSeattle.$0(CaQQLa)201-0394837
=650  \6$aSyndicats$0(CaQQLa)201-0007001$zWashington (État)$0(CaQQLa)201-0394837$zSeattle.$0(CaQQLa)201-0394837
=650  \6$aMouvement ouvrier$0(CaQQLa)201-0078721$zWashington (État)$0(CaQQLa)201-0394837$zSeattle.$0(CaQQLa)201-0394837
=610  27$aFreedom Socialist Party (U.S.)$2fast$0(OCoLC)fst00561219
=650  \7$aLabor.$2fast$0(OCoLC)fst00989798
=650  \7$aLabor movement.$2fast$0(OCoLC)fst00990079
=650  \7$aLabor unions.$2fast$0(OCoLC)fst00990260
=651  \7$aWashington (State)$zSeattle.$2fast$0(OCoLC)fst01204940
=655  \2$aLetter$0(DNLM)D016422
=655  \7$acommercial correspondence.$2aat$0(CStmoGRI)aatgf300026914
=655  \7$aArchives.$2fast$0(OCoLC)fst01423700
=655  \7$aBusiness correspondence.$2fast$0(OCoLC)fst01919897
=655  \7$aRecords and correspondence.$2fast$0(OCoLC)fst01423917
=655  \7$aRecords (Documents)$2fast$0(OCoLC)fst01919961
=655  \7$aBusiness correspondence.$2lcgft
=655  \7$aRecords (Documents)$2lcgft
=655  \7$aCorrespondance commerciale.$2rvmgf$0(CaQQLa)RVMGF-000001162
=655  \7$aDocuments administratifs.$2rvmgf$0(CaQQLa)RVMGF-000001054
=710  2\$aLabor Archives of Washington,$ecurator.
=710  2\$iRelated (work):$aRadical Women.$tRadical Women Seattle office records.
=710  2\$iRelated (work):$aFreedom Socialist Party (U.S.).$tFreedom Socialist Party Seattle branch records.
=856  42$uhttp://archiveswest.orbiscascade.org/ark:/80444/xv793914$zConnect to the online finding aid for this collection
=856  42$uhttp://archiveswest.orbiscascade.org/ark:/80444/xv147064$zConnect to finding aid for Radical Women Seattle office records
=856  42$uhttp://archiveswest.orbiscascade.org/ark:/80444/xv27291$zConnect to finding aid for Freedom Socialist Party Seattle branch

