=LDR  04893cpc a22007451a 4500
=001  28375008
=005  20220330181417.5
=008  880504i18892012wau\\\\\\\\\\\\\\\\\eng\d
=010  \\$a   88797046 $bms 87001021 
=040  \\$aWaU$beng$eappm$cDLC$dWAU$dOCLCQ$dNUCMC$dOCLCO$dWAU$dOCLCA$dWAU$dOCLCA$dOCLCF$dWAU$dOCLCO
=019  \\$a123950049
=043  \\$an-us-wa
=049  \\$aWAUW
=110  2\$aAFL-CIO.$bKing County Labor Council of Washington.
=245  00$aKing County Labor Council$krecords,$f1889-2012.
=300  \\$f53.94 cubic ft.$a(73 boxes)
=500  \\$aThe material described in this catalog record is located in the collections of the University of Washington Libraries (Seattle).
=545  \\$aLabor organization to coordinate activities of its affiliates on legislation, organization, and other common goals; formed as Western Central Labor Union in 1891; reorganized as Central Labor Council of Seattle and Vicinity, 1919; name changed to King County Labor Council of Washington, AFL-CIO in 1957.
=520  8\$aCorrespondence, primarily with affiliated unions (1950-2009), minutes (1913-1970, 1987-1997, 1998-2012), financial records (1912-1919, 1982-1999), membership records (1889-1969), Delegate Roll Call Sign-In Ledgers (1965-1977), subject files (1925-2002), and reports (1957-1959, 1966-1968). Also includes records of the Council's committees and affiliated labor organizations, including the Domestic Workers Union (1917), Seattle American Publishing Co. (1907), United Labor Advisory Committee Against Initiative 202 (1958), and United Labor Advisory Committee to Defeat Initiative 198 (1956), and the Committee on Political Education (COPE) Records (2000-2005).
=561  \\$aAcquired between 1969 and 2018
=506  \\$aThe records are open to all users.
=540  \\$aCreator's copyrights transferred to the University of Washington Libraries Special Collections.
=610  20$aWestern Central Labor Union (Seattle, Wash.)
=610  20$aCentral Labor Council of Seattle and Vicinity.
=610  20$aUnited Labor Advisory Committee To Defeat Initiative 198 (Wash.)
=610  20$aUnited Labor Advisory Committee Against Initiative 202 (Wash.)
=610  20$aDomestic Workers Union (Seattle, Wash.)
=610  20$aSeattle American Publishing Co.
=651  \0$aSeattle (Wash.)$xPolitics and government.
=651  \0$aWashington (State)$xPolitics and government.
=650  \0$aLabor unions$zWashington (State)
=650  \0$aLabor unions$xPolitical activity.
=650  \0$aLabor unions$zWashington (State)$xDomestics.
=650  \0$aHousehold employees$zWashington (State)
=650  \0$aReferendum$zWashington (State)
=650  \0$aPublishers and publishing$zWashington (State)
=630  04$aInitiative 198 (Wash.)
=630  04$aInitiative 202 (Wash.)
=651  \4$aKing County (Wash.)$xLabor.
=651  \4$aSeattle (Wash.)$xLabor.
=651  \4$aWashington (State)$xLabor.
=651  \4$aSeattle (Wash.)$xBusiness, industries, and trades$xPublishing.
=651  \4$aWashington (State)$xBusiness, industries, and trades$xPublishing.
=651  \6$aWashington (État)$xPolitique et gouvernement.$0(CaQQLa)201-0106090
=650  \6$aSyndicats$0(CaQQLa)201-0007001$zWashington (État)$0(CaQQLa)201-0395184
=650  \6$aSyndicats$xActivité politique.$0(CaQQLa)201-0053796
=650  \6$aEmployés de maison$0(CaQQLa)201-0039853$zWashington (État)$0(CaQQLa)201-0395184
=650  \6$aRéférendum$0(CaQQLa)201-0047586$zWashington (État)$0(CaQQLa)201-0395184
=610  27$aCentral Labor Council of Seattle and Vicinity.$2fast$0(OCoLC)fst00629032
=610  27$aUnited Labor Advisory Committee Against Initiative 202 (Wash.)$2fast$0(OCoLC)fst00629767
=610  27$aUnited Labor Advisory Committee To Defeat Initiative 198 (Wash.)$2fast$0(OCoLC)fst00628769
=610  27$aWestern Central Labor Union (Seattle, Wash.)$2fast$0(OCoLC)fst00629768
=650  \7$aHousehold employees.$2fast$0(OCoLC)fst01730010
=650  \7$aLabor unions.$2fast$0(OCoLC)fst00990260
=650  \7$aLabor unions$xPolitical activity.$2fast$0(OCoLC)fst00990299
=650  \7$aPolitics and government.$2fast$0(OCoLC)fst01919741
=650  \7$aPublishers and publishing.$2fast$0(OCoLC)fst01083463
=650  \7$aReferendum.$2fast$0(OCoLC)fst01092465
=651  \7$aWashington (State)$2fast$0(OCoLC)fst01204703
=651  \7$aWashington (State)$zSeattle.$2fast$0(OCoLC)fst01204940
=710  2\$aLabor Archives of Washington,$ecurator.
=740  0\$aacc1940-001
=851  \\$aUniversity of Washington Libraries$c(Seattle)
=856  42$uhttp://archiveswest.orbiscascade.org/ark:/80444/xv93032$zConnect to the online finding aid for this collection
=856  42$uhttp://digital.lib.washington.edu/findingaids/view?docId=AFLCIOKingCountyLaborCouncilofWashingtonProvisionalTradesSection5404.xml$zConnect to the online finding aid for this collection.

