=LDR  08842cgcaa22011057i 4500
=001  1140102628
=005  20220401002448.5
=008  200210i19911998xxu000\\\\\\\\\\\\vleng\d
=040  \\$aWAU$beng$erda$edacs$cWAU$dWAU$dOCLCF$dOCLCQ$dOCLCO
=041  0\$heng
=043  \\$anc-----$an-us-wa
=046  \\$o1991$p1998$2edtf
=049  \\$aWAUW
=110  2\$aMoving Images Video Project,$ecreator.
=245  10$aMoving Images Video Project collection.
=264  \0$c1991-1998.
=300  \\$a0.46 cubic feet$a(1 box of DVDs and textual materials)
=336  \\$atwo-dimensional moving image$btdi$2rdacontent
=336  \\$atext$btxt$2rdacontent
=337  \\$avideo$bv$2rdamedia
=337  \\$aunmediated$bn$2rdamedia
=338  \\$avideodisc$bvd$2rdacarrier
=338  \\$asheet$bnb$2rdacarrier
=344  \\$adigital$2rdatr
=344  \\$boptical$2rdarm
=346  \\$bNTSC$2rdabs
=347  \\$avideo file$2rdaft
=347  \\$bDVD video
=347  \\$eregion 1
=386  \\$aWashingtonians (Washington State)$2lcdgt
=545  1\$aMark Dworkin and Melissa Young began Moving Images in 1986 to tell the stories of ordinary people. Moving Images Video Project produces and distributes documentaries about war and peace, human rights, global justice, and protection for the environment. Founded by Young and Dworkin to increase understanding in the United States of political and social issues in Central America, Moving Images later expanded to address the AIDS epidemic, labor rights and childcare, international relations in the post cold-war era, implications of new genetic technologies, local food and farming, re-thinking our cities, and elements of a new economy that is more sustainable and just. Many of these programs have aired across North America on PBS, and they are widely distributed to schools, libraries, and community organizations. Text of organizational history derived from Moving Images website (http://movingimages.org).
=520  2\$aDVDs created by the Moving Images Video Project, a labor documentary production company. Other portions of the collection include descriptions of video content and promotional materials, and a t-shirt and buttons from the United Farm Workers of Washington's boycott of Chateau Ste. Michelle winery in their contract campaign. Description of titles in this collection: Que viva!: labor in El Salvador (offers views on the repressive regime and war in El Salvador from Salvadoran church and labor activists and U.S. observers. Produced in cooperation with the Labor Committee on Central America). Bread with dignity: voices of Nicaraguan labor (views on the Sandinista revolution and the contra war from Nicaraguan labor activists and U.S. observers. Produced with the Labor Committee on Central America, shown at 1987 annual convention of the AFL-CIO). Worthy work, worthless wages (a report on the staffing crisis provoked by low salaries for childcare workers. Produced with the Childcare Resource and Education Center in Oakland and the Worthy Wages Task Force in Seattle). Aqui se puede (portrait of the United Farm Workers of Washington State and their long effort to hold a union election at the Chateau Ste. Michelle winery. Produced in cooperation with the Church Council of Greater Seattle). We work everywhere (documentary about Service Employees' International Union (SEIU) Local 6 in Seattle). Fighting back (produced in association with Washington State Jobs With Justice and widely shown in churches and union halls throughout Washington state). Will You Stand (documents a labor teach-in at the University of Washington, and Seattle's annual Folklife Festival, which that year celebrated the heritage of the American labor movement in Arts and Music). 1000 People in the Street (in 1997, 5th Avenue Theater musicians, Seattle community and other unions lead successful a strike for fair wages and treatment of the workers. This documents the labor organizing strategies of the musicians and the labor community)
=505  0\$aQue viva! (1987 ; 22 min.) -- Bread with dignity (1987; 22 min.) -- Worthy work, worthless wages (1991; 15 min.) -- Aqui se puede (1991; 13 min.) -- We work everywhere (1992; 17 min.) -- Fighting back (1996; 9 min.) -- Will You Stand ((1998; 11 min.) -- 1000 People in the Street (1997; 17 min.)
=506  \\$aDVDs are open for previewing onsite in the Special Collections Reading Room only.
=540  \\$aCopyrights retained by creator. Contact University of Washington Libraries Special Collections for details.
=541  \\$cDonated by:$aMelissa Young of Moving Images,$d2016.
=546  \\$aCollection materials are in English.
=610  20$aMoving Images Video Project$vArchives.
=600  10$aDworkin, Mark$vArchives.
=600  10$aYoung, Melissa$vArchives.
=650  \0$aMotion picture producers and directors$vArchives.
=651  \0$aCentral America$xPolitics and government$y1979-$xHistory$vSources.
=650  \0$aLabor unions$zWashington (State)$xHistory$vSources.
=650  \0$aLabor movement$zWashington (State)$xHistory$vSources.
=650  \0$aLabor$zWashington (State)$xHistory$vSources.
=650  \0$aAgricultural laborers$zWashington (State)$xHistory$vSources.
=650  \0$aDocumentary films$xProduction and direction$xHistory$vSources.
=650  \6$aProducteurs et réalisateurs de cinéma$0(CaQQLa)201-0074314$vArchives.$0(CaQQLa)201-0378256
=651  \6$aAmérique centrale$0(CaQQLa)201-0114973$xPolitique et gouvernement$0(CaQQLa)201-0114973$y1979-$0(CaQQLa)201-0114973$xHistoire$0(CaQQLa)201-0382350$vSources.$0(CaQQLa)201-0382350
=650  \6$aSyndicats$0(CaQQLa)201-0007001$zWashington (État)$0(CaQQLa)201-0395184$xHistoire$0(CaQQLa)201-0382350$vSources.$0(CaQQLa)201-0382350
=650  \6$aMouvement ouvrier$0(CaQQLa)201-0078721$zWashington (État)$0(CaQQLa)201-0395184$xHistoire$0(CaQQLa)201-0382350$vSources.$0(CaQQLa)201-0382350
=650  \6$aTravail$0(CaQQLa)201-0093408$zWashington (État)$0(CaQQLa)201-0395184$xHistoire$0(CaQQLa)201-0382350$vSources.$0(CaQQLa)201-0382350
=650  \6$aDocumentaires$0(CaQQLa)201-0117943$xProduction et réalisation$0(CaQQLa)201-0117943$xHistoire$0(CaQQLa)201-0382350$vSources.$0(CaQQLa)201-0382350
=650  \7$aAgricultural laborers.$2fast$0(OCoLC)fst00800949
=650  \7$aDocumentary films$xProduction and direction.$2fast$0(OCoLC)fst00896089
=650  \7$aLabor.$2fast$0(OCoLC)fst00989798
=650  \7$aLabor movement.$2fast$0(OCoLC)fst00990079
=650  \7$aLabor unions.$2fast$0(OCoLC)fst00990260
=650  \7$aMotion picture producers and directors.$2fast$0(OCoLC)fst01027225
=650  \7$aPolitics and government.$2fast$0(OCoLC)fst01919741
=651  \7$aCentral America.$2fast$0(OCoLC)fst01244535
=651  \7$aWashington (State)$2fast$0(OCoLC)fst01204703
=648  \7$aSince 1979$2fast
=655  \2$aDocumentaries and Factual Films$0(DNLM)D019499
=655  \2$aEphemera$0(DNLM)D019502
=655  \7$apromotional materials.$2aat$0(CStmoGRI)aatgf300249572
=655  \7$aprinted ephemera.$2aat$0(CStmoGRI)aatgf300264821
=655  \7$aArchives.$2fast$0(OCoLC)fst01423700
=655  \7$aDocumentary films.$2fast$0(OCoLC)fst01710390
=655  \7$aEphemera.$2fast$0(OCoLC)fst01919921
=655  \7$aHistory.$2fast$0(OCoLC)fst01411628
=655  \7$aNonfiction films.$2fast$0(OCoLC)fst01710269
=655  \7$aPromotional materials.$2fast$0(OCoLC)fst01982512
=655  \7$aShort films.$2fast$0(OCoLC)fst01710364
=655  \7$aSources.$2fast$0(OCoLC)fst01423900
=655  \7$aDocumentary films.$2lcgft
=655  \7$aNonfiction films.$2lcgft
=655  \7$aShort films.$2lcgft
=655  \7$aPromotional materials.$2lcgft
=655  \7$aEphemera.$2lcgft
=655  \7$aDocumentaires.$2rvmgf$0(CaQQLa)RVMGF-000000017
=655  \7$aFilms autres que de fiction.$2rvmgf$0(CaQQLa)RVMGF-000000105
=655  \7$aCourts métrages.$2rvmgf$0(CaQQLa)RVMGF-000000005
=655  \7$aMatériel de promotion.$2rvmgf$0(CaQQLa)RVMGF-000001629
=655  \7$aDocuments éphémères.$2rvmgf$0(CaQQLa)RVMGF-000001046
=710  2\$aLabor Archives of Washington (University of Washington),$ecurator.
=730  0\$iContainer of (work):$aQue viva! (Motion picture)
=730  0\$iContainer of (work):$aBread with dignity (Motion picture)
=730  0\$iContainer of (work):$aWorthy work, worthless wages (Motion picture)
=730  0\$iContainer of (work):$aAqui se puede (Motion picture)
=730  0\$iContainer of (work):$aWe work everywhere (Motion picture)
=730  0\$iContainer of (work):$aFighting back (Motion picture)
=730  0\$iContainer of (work):$aWill you stand? (Motion picture)
=730  0\$iContainer of (work):$a1000 people in the street (Motion picture)
=856  42$uhttp://archiveswest.orbiscascade.org/ark:/80444/xv627227$zConnect to the finding aid for this collection

